<?xml version="1.0" encoding="UTF-8"?>
<!DOCTYPE html PUBLIC "-//W3C//DTD XHTML 1.0 Transitional//EN"
    "http://www.w3.org/TR/xhtml1/DTD/xhtml1-transitional.dtd">
<html xmlns="http://www.w3.org/1999/xhtml" xml:lang="en" lang="en">
 <head>
  <title>
</title>
<meta http-equiv="Content-Type" content="text/html;charset=utf-8" />
  <meta name='ocr-system' content='tesseract 3.04.00' />
  <meta name='ocr-capabilities' content='ocr_page ocr_carea ocr_par ocr_line ocrx_word'/>
</head>
<body>
  <div class='ocr_page' id='page_1' title='image "./isocratisoratio00baitgoog/isocratisoratio00baitgoog_0284.png"; bbox 0 0 4467 6542; ppageno 0'>
   <div class='ocr_carea' id='block_1_1' title="bbox 663 682 775 731">
    <p class='ocr_par' dir='ltr' id='par_1_1' title="bbox 663 682 775 731">
     <span class='ocr_line' id='line_1_1' title="bbox 663 682 775 731; baseline 0 0"><span class='ocrx_word' id='word_1_1' title='bbox 663 682 775 731; x_wconf 77' lang='lat'>2¹1⁰</span> 
     </span>
    </p>
   </div>
   <div class='ocr_carea' id='block_1_2' title="bbox 1265 827 1601 872">
    <p class='ocr_par' dir='ltr' id='par_1_2' title="bbox 1265 827 1601 872">
     <span class='ocr_line' id='line_1_2' title="bbox 1265 827 1601 872; baseline -0.003 0"><span class='ocrx_word' id='word_1_2' title='bbox 1265 827 1601 872; x_wconf 77' lang='grc' dir='ltr'>ΜΑΡΊὝΡΕΣ.</span> 
     </span>
    </p>
   </div>
   <div class='ocr_carea' id='block_1_3' title="bbox 585 960 2211 2179">
    <p class='ocr_par' dir='ltr' id='par_1_3' title="bbox 585 960 2211 2179">
     <span class='ocr_line' id='line_1_3' title="bbox 742 960 2204 1042; baseline -0.009 -11"><span class='ocrx_word' id='word_1_3' title='bbox 742 991 812 1031; x_wconf 71' lang='lat'>2⁵.</span> <span class='ocrx_word' id='word_1_4' title='bbox 869 972 1056 1029; x_wconf 87' lang='grc' dir='ltr'>Ταυτα</span> <span class='ocrx_word' id='word_1_5' title='bbox 1120 966 1213 1042; x_wconf 82' lang='grc' dir='ltr'>μὲν</span> <span class='ocrx_word' id='word_1_6' title='bbox 1266 988 1330 1023; x_wconf 89' lang='grc' dir='ltr'>πε</span> <span class='ocrx_word' id='word_1_7' title='bbox 1336 964 1595 1040; x_wconf 87' lang='grc' dir='ltr'>πόνθαμεν</span> <span class='ocrx_word' id='word_1_8' title='bbox 1655 962 1755 1021; x_wconf 79' lang='grc' dir='ltr'>ὑπὸ</span> <span class='ocrx_word' id='word_1_9' title='bbox 1809 960 2204 1038; x_wconf 84' lang='grc' dir='ltr'>Δικαιογένους,</span> 
     </span>
     <span class='ocr_line' id='line_1_4' title="bbox 665 1048 2207 1136; baseline -0.007 -20"><span class='ocrx_word' id='word_1_10' title='bbox 665 1085 709 1117; x_wconf 92' lang='grc' dir='ltr'>ω</span> <span class='ocrx_word' id='word_1_11' title='bbox 750 1057 941 1136; x_wconf 84' lang='grc' dir='ltr'>ἄνδρες·</span> <span class='ocrx_word' id='word_1_12' title='bbox 981 1060 1007 1113; x_wconf 86' lang='grc' dir='ltr'><strong>ὃ</strong></span> <span class='ocrx_word' id='word_1_13' title='bbox 1038 1054 1081 1111; x_wconf 87' lang='grc' dir='ltr'>δ’</span> <span class='ocrx_word' id='word_1_14' title='bbox 1110 1052 1486 1130; x_wconf 82' lang='grc' dir='ltr'>ἐγγυησάμενος</span> <span class='ocrx_word' id='word_1_15' title='bbox 1511 1048 1662 1107; x_wconf 79' lang='grc' dir='ltr'>αὐτὸν</span> <span class='ocrx_word' id='word_1_16' title='bbox 1686 1049 1973 1126; x_wconf 77' lang='grc' dir='ltr'>Λεωχάρης</span> <span class='ocrx_word' id='word_1_17' title='bbox 1995 1072 2085 1106; x_wconf 90' lang='grc' dir='ltr'>και</span> <span class='ocrx_word' id='word_1_18' title='bbox 2105 1053 2207 1106; x_wconf 82' lang='grc' dir='ltr'>τῶν</span> 
     </span>
     <span class='ocr_line' id='line_1_5' title="bbox 670 1135 2211 1217; baseline -0.007 -15"><span class='ocrx_word' id='word_1_19' title='bbox 670 1144 876 1202; x_wconf 86' lang='grc' dir='ltr'>πάντων</span> <span class='ocrx_word' id='word_1_20' title='bbox 900 1147 1026 1217; x_wconf 83' lang='grc' dir='ltr'>ἡμῖν</span> <span class='ocrx_word' id='word_1_21' title='bbox 1049 1144 1221 1198; x_wconf 80' lang='grc' dir='ltr'>κακῶν</span> <span class='ocrx_word' id='word_1_22' title='bbox 1252 1138 1408 1204; x_wconf 82' lang='grc' dir='ltr'>αἴτιος</span> <span class='ocrx_word' id='word_1_23' title='bbox 1427 1135 1484 1196; x_wconf 83' lang='grc' dir='ltr'>οὗ</span> <span class='ocrx_word' id='word_1_24' title='bbox 1509 1160 1663 1217; x_wconf 91' lang='grc' dir='ltr'>φησιν</span> <span class='ocrx_word' id='word_1_25' title='bbox 1684 1136 2035 1212; x_wconf 77' lang='grc' dir='ltr'>ἐγγυήσασθαι</span> <span class='ocrx_word' id='word_1_26' title='bbox 2065 1135 2099 1192; x_wconf 84' lang='grc' dir='ltr'>ἃ</span> <span class='ocrx_word' id='word_1_27' title='bbox 2120 1159 2211 1193; x_wconf 86' lang='grc' dir='ltr'>κα·</span> 
     </span>
     <span class='ocr_line' id='line_1_6' title="bbox 672 1223 2210 1334; baseline -0.006 -46"><span class='ocrx_word' id='word_1_28' title='bbox 672 1237 1078 1334; x_wconf 41' lang='lat' dir='ltr'>zanuuprupsiwt</span> <span class='ocrx_word' id='word_1_29' title='bbox 1115 1229 1301 1297; x_wconf 79' lang='grc' dir='ltr'>αὐτοῦ,</span> <span class='ocrx_word' id='word_1_30' title='bbox 1331 1224 1408 1283; x_wconf 81' lang='grc' dir='ltr'>ὅτι</span> <span class='ocrx_word' id='word_1_31' title='bbox 1448 1227 1500 1282; x_wconf 85' lang='grc' dir='ltr'>ἐν</span> <span class='ocrx_word' id='word_1_32' title='bbox 1534 1227 1608 1303; x_wconf 80' lang='grc' dir='ltr'>τῷ</span> <span class='ocrx_word' id='word_1_33' title='bbox 1644 1223 1990 1302; x_wconf 76' lang='grc' dir='ltr'>γραμματείῳ</span> <span class='ocrx_word' id='word_1_34' title='bbox 2024 1226 2099 1302; x_wconf 81' lang='grc' dir='ltr'>τῷ</span> <span class='ocrx_word' id='word_1_35' title='bbox 2123 1223 2210 1280; x_wconf 81' lang='grc' dir='ltr'>ἐπὶ</span> 
     </span>
     <span class='ocr_line' id='line_1_7' title="bbox 591 1308 2209 1425; baseline -0.004 -51"><span class='ocrx_word' id='word_1_36' title='bbox 591 1340 641 1382; x_wconf 69' lang='lat'>30</span> <span class='ocrx_word' id='word_1_37' title='bbox 665 1322 755 1374; x_wconf 80' lang='grc' dir='ltr'>τοῦ</span> <span class='ocrx_word' id='word_1_38' title='bbox 774 1313 1111 1422; x_wconf 81' lang='grc' dir='ltr'>δικαστηρίου</span> <span class='ocrx_word' id='word_1_39' title='bbox 1154 1311 1410 1425; x_wconf 76' lang='grc' dir='ltr'>γραφέντι</span> <span class='ocrx_word' id='word_1_40' title='bbox 1425 1312 1517 1370; x_wconf 76' lang='grc' dir='ltr'>οὐκ</span> <span class='ocrx_word' id='word_1_41' title='bbox 1552 1310 1715 1369; x_wconf 80' lang='grc' dir='ltr'>ἔνεστι</span> <span class='ocrx_word' id='word_1_42' title='bbox 1750 1333 1938 1371; x_wconf 90' lang='grc' dir='ltr'>ταυτα.</span> <span class='ocrx_word' id='word_1_43' title='bbox 2021 1308 2184 1386; x_wconf 85' lang='grc' dir='ltr'>Ἥμε</span> <span class='ocrx_word' id='word_1_44' title='bbox 2168 1334 2209 1376; x_wconf 89' lang='grc' dir='ltr'>ις</span> 
     </span>
     <span class='ocr_line' id='line_1_8' title="bbox 666 1393 2209 1504; baseline -0.005 -43"><span class='ocrx_word' id='word_1_45' title='bbox 666 1393 806 1478; x_wconf 45' lang='grc' dir='ltr'>δέ,γ</span> <span class='ocrx_word' id='word_1_46' title='bbox 767 1428 811 1460; x_wconf 90' lang='grc' dir='ltr'>ω</span> <span class='ocrx_word' id='word_1_47' title='bbox 852 1401 1083 1504; x_wconf 62' lang='grc' dir='ltr'>ἄνδρες,Μ</span> <span class='ocrx_word' id='word_1_48' title='bbox 1072 1400 1182 1458; x_wconf 82' lang='grc' dir='ltr'>τότ’</span> <span class='ocrx_word' id='word_1_49' title='bbox 1209 1399 1295 1457; x_wconf 75' lang='grc' dir='ltr'>ἐπὶ</span> <span class='ocrx_word' id='word_1_50' title='bbox 1323 1405 1412 1457; x_wconf 77' lang='grc' dir='ltr'>τοῦ</span> <span class='ocrx_word' id='word_1_51' title='bbox 1444 1398 1678 1475; x_wconf 87' lang='grc' dir='ltr'>βήματος</span> <span class='ocrx_word' id='word_1_52' title='bbox 1695 1399 1998 1464; x_wconf 84' lang='grc' dir='ltr'>σπεύδοντες</span> <span class='ocrx_word' id='word_1_53' title='bbox 2024 1420 2088 1455; x_wconf 91' lang='grc' dir='ltr'>τα</span> <span class='ocrx_word' id='word_1_54' title='bbox 2115 1396 2209 1472; x_wconf 84' lang='grc' dir='ltr'>μὲν</span> 
     </span>
     <span class='ocr_line' id='line_1_9' title="bbox 664 1477 2205 1570; baseline -0.005 -22"><span class='ocrx_word' id='word_1_55' title='bbox 664 1490 991 1570; x_wconf 75' lang='grc' dir='ltr'>ἐγράψαμεν,</span> <span class='ocrx_word' id='word_1_56' title='bbox 1014 1490 1117 1544; x_wconf 83' lang='grc' dir='ltr'>τῶν</span> <span class='ocrx_word' id='word_1_57' title='bbox 1142 1485 1197 1544; x_wconf 79' lang='grc' dir='ltr'>δὲ</span> <span class='ocrx_word' id='word_1_58' title='bbox 1224 1484 1489 1565; x_wconf 87' lang='grc' dir='ltr'>μάρτυρας</span> <span class='ocrx_word' id='word_1_59' title='bbox 1533 1486 1908 1560; x_wconf 78' lang='grc' dir='ltr'>ἐποιησάμεθα·</span> <span class='ocrx_word' id='word_1_60' title='bbox 1936 1477 2075 1542; x_wconf 73' lang='grc' dir='ltr'>οὗτοι</span> <span class='ocrx_word' id='word_1_61' title='bbox 2115 1483 2205 1558; x_wconf 83' lang='grc' dir='ltr'>δέ,</span> 
     </span>
     <span class='ocr_line' id='line_1_10' title="bbox 665 1569 2207 1652; baseline -0.005 -18"><span class='ocrx_word' id='word_1_62' title='bbox 665 1577 699 1634; x_wconf 75' lang='grc' dir='ltr'><strong><em>ἃ</em></strong></span> <span class='ocrx_word' id='word_1_63' title='bbox 727 1575 821 1652; x_wconf 81' lang='grc' dir='ltr'>μὲν</span> <span class='ocrx_word' id='word_1_64' title='bbox 845 1579 1015 1640; x_wconf 87' lang='grc' dir='ltr'>αυτοῖς</span> <span class='ocrx_word' id='word_1_65' title='bbox 1047 1570 1300 1652; x_wconf 78' lang='grc' dir='ltr'>συμφέρει</span> <span class='ocrx_word' id='word_1_66' title='bbox 1319 1576 1422 1629; x_wconf 83' lang='grc' dir='ltr'>τῶν</span> <span class='ocrx_word' id='word_1_67' title='bbox 1450 1571 1868 1648; x_wconf 79' lang='grc' dir='ltr'>ὁμολογηθέντων</span> <span class='ocrx_word' id='word_1_68' title='bbox 1897 1570 2030 1640; x_wconf 88' lang='grc' dir='ltr'>τότε,</span> <span class='ocrx_word' id='word_1_69' title='bbox 2055 1569 2207 1647; x_wconf 87' lang='grc' dir='ltr'>κύριά</span> 
     </span>
     <span class='ocr_line' id='line_1_11' title="bbox 663 1653 2206 1763; baseline -0.005 -42"><span class='ocrx_word' id='word_1_70' title='bbox 663 1686 818 1743; x_wconf 86' lang='grc' dir='ltr'>φασιν</span> <span class='ocrx_word' id='word_1_71' title='bbox 843 1653 1010 1737; x_wconf 75' lang='grc' dir='ltr'>εἶναι,</span> <span class='ocrx_word' id='word_1_72' title='bbox 1031 1662 1077 1718; x_wconf 78' lang='grc' dir='ltr'>εἰ</span> <span class='ocrx_word' id='word_1_73' title='bbox 1103 1661 1194 1718; x_wconf 77' lang='grc' dir='ltr'>καὶ</span> <span class='ocrx_word' id='word_1_74' title='bbox 1227 1658 1299 1735; x_wconf 82' lang='grc' dir='ltr'>μὴ</span> <span class='ocrx_word' id='word_1_75' title='bbox 1337 1659 1663 1737; x_wconf 84' lang='grc' dir='ltr'>γέγραπται,</span> <span class='ocrx_word' id='word_1_76' title='bbox 1694 1658 1727 1715; x_wconf 78' lang='grc' dir='ltr'>ἃ</span> <span class='ocrx_word' id='word_1_77' title='bbox 1766 1657 1810 1715; x_wconf 93' lang='grc' dir='ltr'>δ’</span> <span class='ocrx_word' id='word_1_78' title='bbox 1834 1659 1892 1715; x_wconf 82' lang='grc' dir='ltr'>οὗ</span> <span class='ocrx_word' id='word_1_79' title='bbox 1922 1655 2206 1763; x_wconf 76' lang='grc' dir='ltr'>συμφέρει,</span> 
     </span>
     <span class='ocr_line' id='line_1_12' title="bbox 661 1743 2206 1828; baseline -0.006 -20"><span class='ocrx_word' id='word_1_80' title='bbox 661 1753 719 1808; x_wconf 85' lang='grc' dir='ltr'>οὗ</span> <span class='ocrx_word' id='word_1_81' title='bbox 765 1750 948 1828; x_wconf 84' lang='grc' dir='ltr'>κύρια,</span> <span class='ocrx_word' id='word_1_82' title='bbox 981 1750 1026 1807; x_wconf 80' lang='grc' dir='ltr'>εἰ</span> <span class='ocrx_word' id='word_1_83' title='bbox 1073 1746 1146 1823; x_wconf 83' lang='grc' dir='ltr'>μὴ</span> <span class='ocrx_word' id='word_1_84' title='bbox 1195 1746 1505 1825; x_wconf 79' lang='grc' dir='ltr'>γέγραπται.</span> <span class='ocrx_word' id='word_1_85' title='bbox 1555 1747 1646 1822; x_wconf 78' lang='lat'>(36)</span> <span class='ocrx_word' id='word_1_86' title='bbox 1674 1743 1819 1822; x_wconf 83' lang='grc' dir='ltr'>Ἐγὼ</span> <span class='ocrx_word' id='word_1_87' title='bbox 1843 1746 1908 1815; x_wconf 86' lang='grc' dir='ltr'>δ’,</span> <span class='ocrx_word' id='word_1_88' title='bbox 1939 1768 1982 1800; x_wconf 89' lang='grc' dir='ltr'>ω</span> <span class='ocrx_word' id='word_1_89' title='bbox 2012 1743 2206 1821; x_wconf 77' lang='grc' dir='ltr'>ἄνδρες,</span> 
     </span>
     <span class='ocr_line' id='line_1_13' title="bbox 663 1831 2208 1914; baseline -0.005 -18"><span class='ocrx_word' id='word_1_90' title='bbox 663 1840 719 1896; x_wconf 83' lang='grc' dir='ltr'>οὗ</span> <span class='ocrx_word' id='word_1_91' title='bbox 747 1836 997 1914; x_wconf 79' lang='grc' dir='ltr'>θαυμάζω</span> <span class='ocrx_word' id='word_1_92' title='bbox 1022 1835 1100 1893; x_wconf 81' lang='grc' dir='ltr'>ὅτι</span> <span class='ocrx_word' id='word_1_93' title='bbox 1120 1833 1319 1914; x_wconf 80' lang='grc' dir='ltr'>ἔξαρνοί</span> <span class='ocrx_word' id='word_1_94' title='bbox 1339 1836 1438 1892; x_wconf 81' lang='grc' dir='ltr'>εἶσι</span> <span class='ocrx_word' id='word_1_95' title='bbox 1464 1833 1530 1892; x_wconf 75' lang='grc' dir='ltr'>τὰ</span> <span class='ocrx_word' id='word_1_96' title='bbox 1555 1835 1701 1910; x_wconf 80' lang='grc' dir='ltr'>ὡμο)</span> <span class='ocrx_word' id='word_1_97' title='bbox 1704 1837 1953 1909; x_wconf 83' lang='grc' dir='ltr'>ογημένα·</span> <span class='ocrx_word' id='word_1_98' title='bbox 1976 1831 2090 1889; x_wconf 83' lang='grc' dir='ltr'>οὐδὲ</span> <span class='ocrx_word' id='word_1_99' title='bbox 2109 1831 2208 1912; x_wconf 71' lang='grc' dir='ltr'>γὰρ</span> 
     </span>
     <span class='ocr_line' id='line_1_14' title="bbox 585 1916 2208 2006; baseline -0.005 -23"><span class='ocrx_word' id='word_1_100' title='bbox 585 1944 637 1986; x_wconf 71' lang='lat'>2³</span> <span class='ocrx_word' id='word_1_101' title='bbox 662 1924 729 1983; x_wconf 69' lang='grc' dir='ltr'>τὰ</span> <span class='ocrx_word' id='word_1_102' title='bbox 757 1923 1017 2006; x_wconf 79' lang='grc' dir='ltr'>γραφέντα</span> <span class='ocrx_word' id='word_1_103' title='bbox 1048 1925 1279 1981; x_wconf 76' lang='grc' dir='ltr'>ἐθέλουσι</span> <span class='ocrx_word' id='word_1_104' title='bbox 1312 1929 1500 1980; x_wconf 84' lang='grc' dir='ltr'>ποιεῖν.</span> <span class='ocrx_word' id='word_1_105' title='bbox 1585 1920 1771 1996; x_wconf 79' lang='grc' dir='ltr'>Ἡμεῖς</span> <span class='ocrx_word' id='word_1_106' title='bbox 1798 1921 1840 1977; x_wconf 83' lang='grc' dir='ltr'>δ’</span> <span class='ocrx_word' id='word_1_107' title='bbox 1870 1922 1937 1984; x_wconf 81' lang='grc' dir='ltr'>ὡς</span> <span class='ocrx_word' id='word_1_108' title='bbox 1965 1916 2208 1995; x_wconf 89' lang='grc' dir='ltr'>ἐλέγομεν</span> 
     </span>
     <span class='ocr_line' id='line_1_15' title="bbox 663 2005 2211 2087; baseline -0.006 -17"><span class='ocrx_word' id='word_1_109' title='bbox 663 2015 853 2083; x_wconf 76' lang='grc' dir='ltr'>ἀληθῆ,</span> <span class='ocrx_word' id='word_1_110' title='bbox 881 2009 973 2070; x_wconf 72' lang='grc' dir='ltr'>καὶ</span> <span class='ocrx_word' id='word_1_111' title='bbox 994 2011 1122 2068; x_wconf 85' lang='grc' dir='ltr'>ἄλλο</span> <span class='ocrx_word' id='word_1_112' title='bbox 1140 2032 1189 2067; x_wconf 90' lang='grc' dir='ltr'>τι</span> <span class='ocrx_word' id='word_1_113' title='bbox 1208 2007 1485 2087; x_wconf 88' lang='grc' dir='ltr'>τεκμήριον</span> <span class='ocrx_word' id='word_1_114' title='bbox 1510 2005 1857 2086; x_wconf 82' lang='grc' dir='ltr'>παρεξόμεθα.</span> <span class='ocrx_word' id='word_1_115' title='bbox 1892 2005 2211 2085; x_wconf 83' lang='grc' dir='ltr'>Πρωταρχί-</span> 
     </span>
     <span class='ocr_line' id='line_1_16' title="bbox 661 2091 2208 2179; baseline -0.005 -22"><span class='ocrx_word' id='word_1_116' title='bbox 661 2102 723 2177; x_wconf 83' lang='grc' dir='ltr'>δῃ</span> <span class='ocrx_word' id='word_1_117' title='bbox 751 2098 852 2179; x_wconf 81' lang='grc' dir='ltr'>γὰρ</span> <span class='ocrx_word' id='word_1_118' title='bbox 892 2102 967 2178; x_wconf 80' lang='grc' dir='ltr'>τῷ</span> <span class='ocrx_word' id='word_1_119' title='bbox 1000 2095 1254 2176; x_wconf 79' lang='grc' dir='ltr'>Ποταμίῳ</span> <span class='ocrx_word' id='word_1_120' title='bbox 1286 2095 1445 2154; x_wconf 81' lang='grc' dir='ltr'>ἔδωκε</span> <span class='ocrx_word' id='word_1_121' title='bbox 1474 2093 1809 2172; x_wconf 86' lang='grc' dir='ltr'>Δικαιογένης</span> <span class='ocrx_word' id='word_1_122' title='bbox 1846 2091 1940 2163; x_wconf 80' lang='grc' dir='ltr'>τὴν</span> <span class='ocrx_word' id='word_1_123' title='bbox 1982 2092 2208 2169; x_wconf 78' lang='grc' dir='ltr'>ἀδελφὴν</span> 
     </span>
    </p>
   </div>
   <div class='ocr_carea' id='block_1_4' title="bbox 659 2179 2259 2262">
    <p class='ocr_par' dir='ltr' id='par_1_4' title="bbox 659 2179 2259 2262">
     <span class='ocr_line' id='line_1_17' title="bbox 659 2179 2259 2262; baseline -0.004 -21"><span class='ocrx_word' id='word_1_124' title='bbox 659 2184 754 2255; x_wconf 76' lang='grc' dir='ltr'>τὴν</span> <span class='ocrx_word' id='word_1_125' title='bbox 777 2189 962 2243; x_wconf 77' lang='grc' dir='ltr'>ἑαυτου</span> <span class='ocrx_word' id='word_1_126' title='bbox 983 2184 1069 2241; x_wconf 85' lang='grc' dir='ltr'>ἐπι</span> <span class='ocrx_word' id='word_1_127' title='bbox 1087 2183 1467 2262; x_wconf 84' lang='grc' dir='ltr'>τετταράκοντα</span> <span class='ocrx_word' id='word_1_128' title='bbox 1490 2182 1656 2258; x_wconf 82' lang='grc' dir='ltr'>μναῖς,</span> <span class='ocrx_word' id='word_1_129' title='bbox 1683 2182 1794 2237; x_wconf 81' lang='grc' dir='ltr'>ἀντὶ</span> <span class='ocrx_word' id='word_1_130' title='bbox 1810 2179 1862 2236; x_wconf 80' lang='grc' dir='ltr'>δὲ</span> <span class='ocrx_word' id='word_1_131' title='bbox 1881 2184 1975 2250; x_wconf 78' lang='grc' dir='ltr'>τῆς</span> <span class='ocrx_word' id='word_1_132' title='bbox 2002 2201 2211 2256; x_wconf 83' lang='grc' dir='ltr'>προικος</span> <span class='ocrx_word' id='word_1_133' title='bbox 2257 2204 2259 2207; x_wconf 67' lang='grc'>’</span> 
     </span>
    </p>
   </div>
   <div class='ocr_carea' id='block_1_5' title="bbox 583 2265 2211 2725">
    <p class='ocr_par' dir='ltr' id='par_1_5' title="bbox 583 2265 2211 2702">
     <span class='ocr_line' id='line_1_18' title="bbox 660 2265 2208 2349; baseline -0.004 -21"><span class='ocrx_word' id='word_1_134' title='bbox 660 2271 755 2341; x_wconf 77' lang='grc' dir='ltr'>τὴν</span> <span class='ocrx_word' id='word_1_135' title='bbox 775 2270 941 2329; x_wconf 82' lang='grc' dir='ltr'>οἰκίαν</span> <span class='ocrx_word' id='word_1_136' title='bbox 967 2272 1109 2327; x_wconf 79' lang='grc' dir='ltr'>αὐτῶ</span> <span class='ocrx_word' id='word_1_137' title='bbox 1127 2269 1220 2339; x_wconf 74' lang='grc' dir='ltr'>τὴν</span> <span class='ocrx_word' id='word_1_138' title='bbox 1240 2272 1292 2327; x_wconf 80' lang='grc' dir='ltr'>ἐν</span> <span class='ocrx_word' id='word_1_139' title='bbox 1319 2271 1631 2349; x_wconf 79' lang='grc' dir='ltr'>Κεραμεικῷ</span> <span class='ocrx_word' id='word_1_140' title='bbox 1654 2267 1943 2347; x_wconf 83' lang='grc' dir='ltr'>παρέδωκε.</span> <span class='ocrx_word' id='word_1_141' title='bbox 2027 2265 2208 2344; x_wconf 74' lang='grc' dir='ltr'>Ταύτῃ</span> 
     </span>
     <span class='ocr_line' id='line_1_19' title="bbox 663 2350 2210 2437; baseline -0.004 -21"><span class='ocrx_word' id='word_1_142' title='bbox 663 2358 718 2416; x_wconf 83' lang='grc' dir='ltr'>δὲ</span> <span class='ocrx_word' id='word_1_143' title='bbox 746 2362 810 2437; x_wconf 80' lang='grc' dir='ltr'>τῇ</span> <span class='ocrx_word' id='word_1_144' title='bbox 839 2357 1069 2434; x_wconf 85' lang='grc' dir='ltr'>γυναικί,</span> <span class='ocrx_word' id='word_1_145' title='bbox 1099 2357 1164 2427; x_wconf 83' lang='grc' dir='ltr'>ἢν</span> <span class='ocrx_word' id='word_1_146' title='bbox 1199 2360 1226 2414; x_wconf 81' lang='grc' dir='ltr'><strong>ὅ</strong></span> <span class='ocrx_word' id='word_1_147' title='bbox 1254 2356 1633 2436; x_wconf 78' lang='grc' dir='ltr'>Πρωταρχίδης</span> <span class='ocrx_word' id='word_1_148' title='bbox 1671 2355 1779 2432; x_wconf 70' lang='grc' dir='ltr'>ἔχει</span> <span class='ocrx_word' id='word_1_149' title='bbox 1797 2399 1814 2429; x_wconf 85' lang='lat'>,</span> <span class='ocrx_word' id='word_1_150' title='bbox 1841 2350 2096 2433; x_wconf 85' lang='grc' dir='ltr'>προσήκει</span> <span class='ocrx_word' id='word_1_151' title='bbox 2121 2375 2210 2410; x_wconf 89' lang='grc' dir='ltr'>του</span> 
     </span>
     <span class='ocr_line' id='line_1_20' title="bbox 662 2440 2211 2524; baseline -0.005 -19"><span class='ocrx_word' id='word_1_152' title='bbox 662 2446 764 2516; x_wconf 87' lang='grc' dir='ltr'>κλή</span> <span class='ocrx_word' id='word_1_153' title='bbox 800 2469 858 2504; x_wconf 94' lang='grc' dir='ltr'>ου</span> <span class='ocrx_word' id='word_1_154' title='bbox 884 2443 1037 2524; x_wconf 75' lang='grc' dir='ltr'>μέρος</span> <span class='ocrx_word' id='word_1_155' title='bbox 1071 2442 1189 2502; x_wconf 76' lang='grc' dir='ltr'>ὅσον</span> <span class='ocrx_word' id='word_1_156' title='bbox 1216 2467 1314 2524; x_wconf 91' lang='grc' dir='ltr'>περ</span> <span class='ocrx_word' id='word_1_157' title='bbox 1354 2449 1421 2523; x_wconf 81' lang='grc' dir='ltr'>τῇ</span> <span class='ocrx_word' id='word_1_158' title='bbox 1452 2444 1612 2522; x_wconf 76' lang='grc' dir='ltr'>μητρὶ</span> <span class='ocrx_word' id='word_1_159' title='bbox 1639 2446 1703 2520; x_wconf 80' lang='grc' dir='ltr'>τῇ</span> <span class='ocrx_word' id='word_1_160' title='bbox 1734 2444 1854 2519; x_wconf 75' lang='grc' dir='ltr'>ἐμῇ.</span> <span class='ocrx_word' id='word_1_161' title='bbox 1937 2443 2028 2516; x_wconf 74' lang='lat'><strong>(27)</strong></span> <span class='ocrx_word' id='word_1_162' title='bbox 2059 2440 2211 2500; x_wconf 79' lang='grc' dir='ltr'>Ἐπεὶ</span> 
     </span>
     <span class='ocr_line' id='line_1_21' title="bbox 665 2528 2210 2606; baseline -0.005 -14"><span class='ocrx_word' id='word_1_163' title='bbox 665 2534 710 2592; x_wconf 82' lang='grc' dir='ltr'>δ’</span> <span class='ocrx_word' id='word_1_164' title='bbox 742 2556 829 2592; x_wconf 87' lang='grc' dir='ltr'>ουν</span> <span class='ocrx_word' id='word_1_165' title='bbox 860 2532 1060 2601; x_wconf 78' lang='grc' dir='ltr'>ἀπέστη</span> <span class='ocrx_word' id='word_1_166' title='bbox 1093 2529 1427 2606; x_wconf 87' lang='grc' dir='ltr'>Δικαιογένης</span> <span class='ocrx_word' id='word_1_167' title='bbox 1453 2533 1563 2596; x_wconf 87' lang='grc' dir='ltr'>ταῖς</span> <span class='ocrx_word' id='word_1_168' title='bbox 1591 2528 1786 2606; x_wconf 83' lang='grc' dir='ltr'>γυναιξι</span> <span class='ocrx_word' id='word_1_169' title='bbox 1814 2551 1921 2586; x_wconf 90' lang='grc' dir='ltr'>τοιν</span> <span class='ocrx_word' id='word_1_170' title='bbox 1951 2528 2088 2585; x_wconf 88' lang='grc' dir='ltr'>δυοῖν</span> <span class='ocrx_word' id='word_1_171' title='bbox 2118 2550 2210 2603; x_wconf 85' lang='grc' dir='ltr'>με·</span> 
     </span>
     <span class='ocr_line' id='line_1_22' title="bbox 583 2614 2210 2725; baseline -0.007 -44"><span class='ocrx_word' id='word_1_172' title='bbox 583 2641 637 2681; x_wconf 68' lang='grc'>30</span> <span class='ocrx_word' id='word_1_173' title='bbox 666 2629 772 2702; x_wconf 88' lang='grc' dir='ltr'>ροῖν</span> <span class='ocrx_word' id='word_1_174' title='bbox 794 2643 882 2678; x_wconf 90' lang='grc' dir='ltr'>του</span> <span class='ocrx_word' id='word_1_175' title='bbox 906 2617 1116 2698; x_wconf 82' lang='grc' dir='ltr'>κλήρου,</span> <span class='ocrx_word' id='word_1_176' title='bbox 1150 2616 1293 2684; x_wconf 70' lang='grc' dir='ltr'>ἠξίου</span> <span class='ocrx_word' id='word_1_177' title='bbox 1319 2621 1347 2675; x_wconf 79' lang='grc' dir='ltr'><strong>ὁ</strong></span> <span class='ocrx_word' id='word_1_178' title='bbox 1379 2616 1668 2694; x_wconf 79' lang='grc' dir='ltr'>Λεωχάρης</span> <span class='ocrx_word' id='word_1_179' title='bbox 1709 2615 1794 2673; x_wconf 81' lang='grc' dir='ltr'>τὸν</span> <span class='ocrx_word' id='word_1_180' title='bbox 1804 2614 2210 2725; x_wconf 78' lang='grc' dir='ltr'>Πρωταρχίδην</span> 
     </span>
    </p>
   </div>
   <div class='ocr_carea' id='block_1_6' title="bbox 667 2703 2213 2787">
    <p class='ocr_par' dir='ltr' id='par_1_6' title="bbox 667 2703 2264 2787">
     <span class='ocr_line' id='line_1_23' title="bbox 667 2703 2213 2787; baseline -0.006 -19"><span class='ocrx_word' id='word_1_181' title='bbox 667 2706 1011 2787; x_wconf 85' lang='grc' dir='ltr'>παραδιδόναι</span> <span class='ocrx_word' id='word_1_182' title='bbox 1058 2708 1199 2785; x_wconf 75' lang='grc' dir='ltr'>αὐτῷ</span> <span class='ocrx_word' id='word_1_183' title='bbox 1240 2704 1337 2776; x_wconf 81' lang='grc' dir='ltr'>τ·&gt;ν</span> <span class='ocrx_word' id='word_1_184' title='bbox 1380 2704 1639 2763; x_wconf 87' lang='grc' dir='ltr'>συνοικίαν</span> <span class='ocrx_word' id='word_1_185' title='bbox 1680 2703 1744 2774; x_wconf 76' lang='grc' dir='ltr'>ἣν</span> <span class='ocrx_word' id='word_1_186' title='bbox 1786 2726 1892 2781; x_wconf 69' lang='lat'>⁵²7²</span> <span class='ocrx_word' id='word_1_187' title='bbox 1872 2727 1922 2759; x_wconf 74' lang='grc' dir='ltr'>,ν</span> <span class='ocrx_word' id='word_1_188' title='bbox 1967 2703 2081 2759; x_wconf 83' lang='grc' dir='ltr'>ἀντὶ</span> <span class='ocrx_word' id='word_1_189' title='bbox 2122 2706 2213 2773; x_wconf 75' lang='grc' dir='ltr'>τῆς</span> 
     </span>
    </p>
   </div>
   <div class='ocr_carea' id='block_1_7' title="bbox 663 2765 2214 3132">
    <p class='ocr_par' dir='ltr' id='par_1_7' title="bbox 663 2765 2214 3132">
     <span class='ocr_line' id='line_1_24' title="bbox 663 2765 2213 2874; baseline -0.006 -20"><span class='ocrx_word' id='word_1_190' title='bbox 663 2793 907 2874; x_wconf 89' lang='grc' dir='ltr'>προικός,</span> <span class='ocrx_word' id='word_1_191' title='bbox 938 2796 1007 2859; x_wconf 84' lang='grc' dir='ltr'>ὡς</span> <span class='ocrx_word' id='word_1_192' title='bbox 1034 2792 1141 2851; x_wconf 84' lang='grc' dir='ltr'>ὄντι</span> <span class='ocrx_word' id='word_1_193' title='bbox 1168 2765 1393 2869; x_wconf 76' lang='grc' dir='ltr'>ἐγγυητῇ</span> <span class='ocrx_word' id='word_1_194' title='bbox 1423 2793 1594 2869; x_wconf 82' lang='grc' dir='ltr'>αυτῶ,</span> <span class='ocrx_word' id='word_1_195' title='bbox 1622 2813 1680 2848; x_wconf 87' lang='grc' dir='ltr'>το</span> <span class='ocrx_word' id='word_1_196' title='bbox 1712 2787 1764 2848; x_wconf 82' lang='grc' dir='ltr'>δὲ</span> <span class='ocrx_word' id='word_1_197' title='bbox 1790 2790 1941 2869; x_wconf 81' lang='grc' dir='ltr'>μέρος</span> <span class='ocrx_word' id='word_1_198' title='bbox 1966 2788 2091 2866; x_wconf 83' lang='grc' dir='ltr'>υπὲρ</span> <span class='ocrx_word' id='word_1_199' title='bbox 2121 2793 2213 2859; x_wconf 72' lang='grc' dir='ltr'>τῆς</span> 
     </span>
     <span class='ocr_line' id='line_1_25' title="bbox 664 2877 2213 2958; baseline -0.003 -20"><span class='ocrx_word' id='word_1_200' title='bbox 664 2903 901 2958; x_wconf 82' lang='grc' dir='ltr'>γυναικος</span> <span class='ocrx_word' id='word_1_201' title='bbox 922 2903 1010 2937; x_wconf 87' lang='grc' dir='ltr'>του</span> <span class='ocrx_word' id='word_1_202' title='bbox 1040 2877 1233 2955; x_wconf 87' lang='grc' dir='ltr'>κλήρου</span> <span class='ocrx_word' id='word_1_203' title='bbox 1262 2881 1388 2955; x_wconf 86' lang='grc' dir='ltr'>παρ’</span> <span class='ocrx_word' id='word_1_204' title='bbox 1417 2880 1572 2934; x_wconf 80' lang='grc' dir='ltr'>αὑτοῦ</span> <span class='ocrx_word' id='word_1_205' title='bbox 1609 2877 1931 2953; x_wconf 84' lang='grc' dir='ltr'>κομίζεσθαι.</span> <span class='ocrx_word' id='word_1_206' title='bbox 2022 2877 2213 2953; x_wconf 81' lang='grc' dir='ltr'>Παρα-</span> 
     </span>
     <span class='ocr_line' id='line_1_26' title="bbox 664 2960 2214 3040; baseline -0.005 -15"><span class='ocrx_word' id='word_1_207' title='bbox 664 2966 841 3025; x_wconf 73' lang='grc' dir='ltr'>λαόὼν</span> <span class='ocrx_word' id='word_1_208' title='bbox 870 2965 924 3022; x_wconf 77' lang='grc' dir='ltr'>δὲ</span> <span class='ocrx_word' id='word_1_209' title='bbox 952 2964 1046 3035; x_wconf 86' lang='grc' dir='ltr'>τὴν</span> <span class='ocrx_word' id='word_1_210' title='bbox 1075 2963 1334 3021; x_wconf 90' lang='grc' dir='ltr'>συνοικίαν</span> <span class='ocrx_word' id='word_1_211' title='bbox 1371 2962 1430 3020; x_wconf 81' lang='grc' dir='ltr'>τὸ</span> <span class='ocrx_word' id='word_1_212' title='bbox 1467 2961 1619 3039; x_wconf 81' lang='grc' dir='ltr'>μέρος</span> <span class='ocrx_word' id='word_1_213' title='bbox 1647 2964 1703 3020; x_wconf 82' lang='grc' dir='ltr'>οὗ</span> <span class='ocrx_word' id='word_1_214' title='bbox 1726 2960 2017 3040; x_wconf 77' lang='grc' dir='ltr'>παρέδωκε.</span> <span class='ocrx_word' id='word_1_215' title='bbox 2104 2960 2214 3021; x_wconf 73' lang='grc' dir='ltr'>Καὶ</span> 
     </span>
     <span class='ocr_line' id='line_1_27' title="bbox 664 3047 2134 3132; baseline -0.001 -24"><span class='ocrx_word' id='word_1_216' title='bbox 664 3052 856 3111; x_wconf 84' lang='grc' dir='ltr'>τούτων</span> <span class='ocrx_word' id='word_1_217' title='bbox 878 3054 997 3129; x_wconf 75' lang='grc' dir='ltr'>ὑμῖν</span> <span class='ocrx_word' id='word_1_218' title='bbox 1027 3050 1265 3132; x_wconf 88' lang='grc' dir='ltr'>μάρτυρα</span> <span class='ocrx_word' id='word_1_219' title='bbox 1292 3049 1380 3107; x_wconf 83' lang='grc' dir='ltr'>τὸν</span> <span class='ocrx_word' id='word_1_220' title='bbox 1412 3048 1796 3128; x_wconf 75' lang='grc' dir='ltr'>Πρωταρχίδην</span> <span class='ocrx_word' id='word_1_221' title='bbox 1823 3047 2134 3127; x_wconf 84' lang='grc' dir='ltr'>παρέξομαι.</span> 
     </span>
    </p>
   </div>
   <div class='ocr_carea' id='block_1_8' title="bbox 1310 3189 1573 3235">
    <p class='ocr_par' dir='ltr' id='par_1_8' title="bbox 1310 3189 1573 3235">
     <span class='ocr_line' id='line_1_28' title="bbox 1310 3189 1573 3235; baseline 0.004 -1"><span class='ocrx_word' id='word_1_222' title='bbox 1310 3189 1573 3235; x_wconf 76' lang='grc' dir='ltr'>ΜΑΡΤΥΣ.</span> 
     </span>
    </p>
   </div>
   <div class='ocr_carea' id='block_1_9' title="bbox 743 3300 2256 3382">
    <p class='ocr_par' dir='ltr' id='par_1_9' title="bbox 743 3300 2256 3382">
     <span class='ocr_line' id='line_1_29' title="bbox 743 3300 2256 3382; baseline -0.003 -19"><span class='ocrx_word' id='word_1_223' title='bbox 743 3324 815 3363; x_wconf 76' lang='lat'>28.</span> <span class='ocrx_word' id='word_1_224' title='bbox 847 3305 977 3382; x_wconf 75' lang='grc' dir='ltr'>Περὶ</span> <span class='ocrx_word' id='word_1_225' title='bbox 1007 3302 1061 3361; x_wconf 82' lang='grc' dir='ltr'>δὲ</span> <span class='ocrx_word' id='word_1_226' title='bbox 1088 3304 1362 3375; x_wconf 65' lang='grc' dir='ltr'>ἐπισκευῆς</span> <span class='ocrx_word' id='word_1_227' title='bbox 1383 3308 1471 3361; x_wconf 79' lang='grc' dir='ltr'>τοῦ</span> <span class='ocrx_word' id='word_1_228' title='bbox 1505 3300 1779 3382; x_wconf 86' lang='grc' dir='ltr'>βαλανείου</span> <span class='ocrx_word' id='word_1_229' title='bbox 1804 3302 1893 3360; x_wconf 89' lang='grc' dir='ltr'>καὶ</span> <span class='ocrx_word' id='word_1_230' title='bbox 1918 3301 2215 3377; x_wconf 76' lang='grc' dir='ltr'>οἰκοδομίας</span> <span class='ocrx_word' id='word_1_231' title='bbox 2255 3304 2256 3315; x_wconf 72' lang='grc'>’</span> 
     </span>
    </p>
   </div>
   <div class='ocr_carea' id='block_1_10' title="bbox 588 3387 2216 4709">
    <p class='ocr_par' dir='ltr' id='par_1_10' title="bbox 588 3387 2216 4681">
     <span class='ocr_line' id='line_1_30' title="bbox 667 3387 2212 3469; baseline -0.003 -21"><span class='ocrx_word' id='word_1_232' title='bbox 667 3389 756 3448; x_wconf 80' lang='grc' dir='ltr'>καὶ</span> <span class='ocrx_word' id='word_1_233' title='bbox 800 3391 1046 3469; x_wconf 86' lang='grc' dir='ltr'>πρότερον</span> <span class='ocrx_word' id='word_1_234' title='bbox 1076 3388 1248 3469; x_wconf 81' lang='grc' dir='ltr'>εἴρηκε</span> <span class='ocrx_word' id='word_1_235' title='bbox 1277 3390 1618 3467; x_wconf 82' lang='grc' dir='ltr'>Δικαιογένης</span> <span class='ocrx_word' id='word_1_236' title='bbox 1657 3389 1747 3447; x_wconf 80' lang='grc' dir='ltr'>καὶ</span> <span class='ocrx_word' id='word_1_237' title='bbox 1791 3395 1880 3446; x_wconf 79' lang='grc' dir='ltr'>νῦν</span> <span class='ocrx_word' id='word_1_238' title='bbox 1908 3387 2033 3453; x_wconf 81' lang='grc' dir='ltr'>ἴσως</span> <span class='ocrx_word' id='word_1_239' title='bbox 2073 3390 2212 3466; x_wconf 79' lang='grc' dir='ltr'>ἐρεῖ,</span> 
     </span>
     <span class='ocr_line' id='line_1_31' title="bbox 589 3472 2215 3555; baseline -0.002 -20"><span class='ocrx_word' id='word_1_240' title='bbox 589 3490 640 3528; x_wconf 70' lang='lat'>‘³5</span> <span class='ocrx_word' id='word_1_241' title='bbox 667 3479 735 3543; x_wconf 81' lang='grc' dir='ltr'>ὡς</span> <span class='ocrx_word' id='word_1_242' title='bbox 758 3476 1170 3553; x_wconf 74' lang='grc' dir='ltr'>ὁμολογήσαντες</span> <span class='ocrx_word' id='word_1_243' title='bbox 1193 3478 1334 3555; x_wconf 74' lang='grc' dir='ltr'>αὐτῷ</span> <span class='ocrx_word' id='word_1_244' title='bbox 1365 3476 1651 3533; x_wconf 79' lang='grc' dir='ltr'>ἀποδώσειν</span> <span class='ocrx_word' id='word_1_245' title='bbox 1688 3473 1755 3532; x_wconf 79' lang='grc' dir='ltr'>τὰ</span> <span class='ocrx_word' id='word_1_246' title='bbox 1784 3472 2091 3549; x_wconf 83' lang='grc' dir='ltr'>ἃναλωμένα</span> <span class='ocrx_word' id='word_1_247' title='bbox 2120 3475 2215 3532; x_wconf 82' lang='grc' dir='ltr'>οὐκ</span> 
     </span>
     <span class='ocr_line' id='line_1_32' title="bbox 668 3559 2216 3639; baseline -0.003 -18"><span class='ocrx_word' id='word_1_248' title='bbox 668 3562 1039 3639; x_wconf 78' lang='grc' dir='ltr'>ἀπεδώκαμεν,</span> <span class='ocrx_word' id='word_1_249' title='bbox 1080 3563 1169 3622; x_wconf 80' lang='grc' dir='ltr'>καὶ</span> <span class='ocrx_word' id='word_1_250' title='bbox 1205 3559 1284 3620; x_wconf 76' lang='grc' dir='ltr'>ὅτι</span> <span class='ocrx_word' id='word_1_251' title='bbox 1313 3560 1396 3619; x_wconf 69' lang='grc' dir='ltr'>διὰ</span> <span class='ocrx_word' id='word_1_252' title='bbox 1420 3567 1569 3619; x_wconf 80' lang='grc' dir='ltr'>τοῦτο</span> <span class='ocrx_word' id='word_1_253' title='bbox 1595 3562 1654 3619; x_wconf 93' lang='grc' dir='ltr'>ου</span> <span class='ocrx_word' id='word_1_254' title='bbox 1698 3559 1911 3617; x_wconf 86' lang='grc' dir='ltr'>δύναται</span> <span class='ocrx_word' id='word_1_255' title='bbox 1939 3559 2216 3617; x_wconf 80' lang='grc' dir='ltr'>ἀπαλλάσ-</span> 
     </span>
     <span class='ocr_line' id='line_1_33' title="bbox 668 3645 2208 3759; baseline -0.004 -52"><span class='ocrx_word' id='word_1_256' title='bbox 668 3671 774 3707; x_wconf 90' lang='grc' dir='ltr'>σειν</span> <span class='ocrx_word' id='word_1_257' title='bbox 797 3647 913 3714; x_wconf 87' lang='grc' dir='ltr'>τους</span> <span class='ocrx_word' id='word_1_258' title='bbox 939 3649 1205 3759; x_wconf 77' lang='grc' dir='ltr'>χρήστας,</span> <span class='ocrx_word' id='word_1_259' title='bbox 1231 3645 1345 3706; x_wconf 76' lang='grc' dir='ltr'>οὐδὲ</span> <span class='ocrx_word' id='word_1_260' title='bbox 1366 3652 1492 3724; x_wconf 86' lang='grc' dir='ltr'>ἡμῖν</span> <span class='ocrx_word' id='word_1_261' title='bbox 1520 3648 1842 3725; x_wconf 76' lang='grc' dir='ltr'>παραδοῦναι</span> <span class='ocrx_word' id='word_1_262' title='bbox 1874 3645 1907 3703; x_wconf 79' lang='grc' dir='ltr'><em>ἃ</em></span> <span class='ocrx_word' id='word_1_263' title='bbox 1935 3648 2011 3703; x_wconf 88' lang='grc' dir='ltr'>δεῖ</span> <span class='ocrx_word' id='word_1_264' title='bbox 2033 3646 2208 3706; x_wconf 81' lang='grc' dir='ltr'>αὐτόν.</span> 
     </span>
     <span class='ocr_line' id='line_1_34' title="bbox 667 3726 2212 3816; baseline -0.003 -22"><span class='ocrx_word' id='word_1_265' title='bbox 667 3739 755 3812; x_wconf 78' lang='lat'><strong>(2⁹)</strong></span> <span class='ocrx_word' id='word_1_266' title='bbox 776 3733 965 3812; x_wconf 85' lang='grc' dir='ltr'>Ἧμεις</span> <span class='ocrx_word' id='word_1_267' title='bbox 989 3726 1121 3812; x_wconf 79' lang='grc' dir='ltr'>δέ,</span> <span class='ocrx_word' id='word_1_268' title='bbox 1083 3760 1125 3794; x_wconf 91' lang='grc' dir='ltr'>ω</span> <span class='ocrx_word' id='word_1_269' title='bbox 1148 3735 1341 3816; x_wconf 85' lang='grc' dir='ltr'>ἄνδρες,</span> <span class='ocrx_word' id='word_1_270' title='bbox 1364 3734 1449 3792; x_wconf 82' lang='grc' dir='ltr'>ἐπὶ</span> <span class='ocrx_word' id='word_1_271' title='bbox 1472 3758 1561 3793; x_wconf 88' lang='grc' dir='ltr'>του</span> <span class='ocrx_word' id='word_1_272' title='bbox 1529 3732 1928 3810; x_wconf 81' lang='grc' dir='ltr'>’”’δικαστηρίου,</span> <span class='ocrx_word' id='word_1_273' title='bbox 1949 3730 2033 3790; x_wconf 79' lang='grc' dir='ltr'>ὅτε</span> <span class='ocrx_word' id='word_1_274' title='bbox 2056 3736 2212 3811; x_wconf 81' lang='grc' dir='ltr'>ἠναγ-</span> 
     </span>
     <span class='ocr_line' id='line_1_35' title="bbox 665 3818 2210 3901; baseline -0.002 -22"><span class='ocrx_word' id='word_1_275' title='bbox 665 3822 888 3899; x_wconf 80' lang='grc' dir='ltr'>κάζομεν</span> <span class='ocrx_word' id='word_1_276' title='bbox 930 3822 1084 3880; x_wconf 82' lang='grc' dir='ltr'>αὐτὸν</span> <span class='ocrx_word' id='word_1_277' title='bbox 1117 3822 1431 3901; x_wconf 78' lang='grc' dir='ltr'>ἀφίστασθαι</span> <span class='ocrx_word' id='word_1_278' title='bbox 1455 3821 1671 3892; x_wconf 89' lang='grc' dir='ltr'>τούτων,</span> <span class='ocrx_word' id='word_1_279' title='bbox 1704 3818 1820 3876; x_wconf 86' lang='grc' dir='ltr'>αντὶ</span> <span class='ocrx_word' id='word_1_280' title='bbox 1846 3822 1947 3876; x_wconf 82' lang='grc' dir='ltr'>τῶν</span> <span class='ocrx_word' id='word_1_281' title='bbox 1975 3819 2210 3897; x_wconf 85' lang='grc' dir='ltr'>λειτουρ-</span> 
     </span>
     <span class='ocr_line' id='line_1_36' title="bbox 663 3905 2211 3986; baseline -0.001 -21"><span class='ocrx_word' id='word_1_282' title='bbox 663 3912 788 3985; x_wconf 82' lang='grc' dir='ltr'>γιῶν</span> <span class='ocrx_word' id='word_1_283' title='bbox 810 3932 899 3966; x_wconf 90' lang='grc' dir='ltr'>και</span> <span class='ocrx_word' id='word_1_284' title='bbox 918 3912 1018 3967; x_wconf 79' lang='grc' dir='ltr'>τῶν</span> <span class='ocrx_word' id='word_1_285' title='bbox 1039 3911 1108 3975; x_wconf 76' lang='grc' dir='ltr'>εἰς</span> <span class='ocrx_word' id='word_1_286' title='bbox 1126 3909 1192 3966; x_wconf 79' lang='grc' dir='ltr'>τὰ</span> <span class='ocrx_word' id='word_1_287' title='bbox 1217 3908 1608 3985; x_wconf 77' lang='grc' dir='ltr'>οἰκοδομήματα</span> <span class='ocrx_word' id='word_1_288' title='bbox 1623 3905 2026 3983; x_wconf 84' lang='grc' dir='ltr'>άναλωμένων’</span> <span class='ocrx_word' id='word_1_289' title='bbox 1997 3909 2211 3986; x_wconf 78' lang='grc' dir='ltr'>αφεῖμεν</span> 
     </span>
     <span class='ocr_line' id='line_1_37' title="bbox 666 3993 2209 4074; baseline -0.001 -23"><span class='ocrx_word' id='word_1_290' title='bbox 666 3996 810 4073; x_wconf 76' lang='grc' dir='ltr'>αὐτῷ</span> <span class='ocrx_word' id='word_1_291' title='bbox 838 3993 955 4061; x_wconf 69' lang='grc' dir='ltr'>τοὺς</span> <span class='ocrx_word' id='word_1_292' title='bbox 974 3994 1232 4074; x_wconf 88' lang='grc' dir='ltr'>καρπούς,</span> <span class='ocrx_word' id='word_1_293' title='bbox 1252 3995 1386 4053; x_wconf 77' lang='grc' dir='ltr'>οὕτω</span> <span class='ocrx_word' id='word_1_294' title='bbox 1405 3998 1505 4052; x_wconf 82' lang='grc' dir='ltr'>τῶν</span> <span class='ocrx_word' id='word_1_295' title='bbox 1531 3996 1785 4052; x_wconf 83' lang='grc' dir='ltr'>δικαστῶν</span> <span class='ocrx_word' id='word_1_296' title='bbox 1806 3994 2209 4071; x_wconf 88' lang='grc' dir='ltr'>γιγνωσκόντων·</span> 
     </span>
     <span class='ocr_line' id='line_1_38' title="bbox 666 4079 2212 4161; baseline 0 -23"><span class='ocrx_word' id='word_1_297' title='bbox 666 4080 874 4160; x_wconf 77' lang='grc' dir='ltr'>ὕστερον</span> <span class='ocrx_word' id='word_1_298' title='bbox 901 4083 944 4138; x_wconf 92' lang='grc' dir='ltr'>δ’</span> <span class='ocrx_word' id='word_1_299' title='bbox 966 4083 1060 4141; x_wconf 80' lang='grc' dir='ltr'>οὐκ</span> <span class='ocrx_word' id='word_1_300' title='bbox 1081 4081 1487 4159; x_wconf 79' lang='grc' dir='ltr'>ἀναγκαζόμενοι</span> <span class='ocrx_word' id='word_1_301' title='bbox 1505 4081 1619 4138; x_wconf 80' lang='grc' dir='ltr'>ἀλλ’</span> <span class='ocrx_word' id='word_1_302' title='bbox 1644 4079 1843 4147; x_wconf 83' lang='grc' dir='ltr'>ἑκόντες</span> <span class='ocrx_word' id='word_1_303' title='bbox 1867 4079 2046 4156; x_wconf 85' lang='grc' dir='ltr'>ἔδομεν</span> <span class='ocrx_word' id='word_1_304' title='bbox 2071 4082 2212 4161; x_wconf 80' lang='grc' dir='ltr'>αὐτῷ</span> 
     </span>
     <span class='ocr_line' id='line_1_39' title="bbox 588 4165 2213 4247; baseline -0.001 -20"><span class='ocrx_word' id='word_1_305' title='bbox 588 4189 642 4227; x_wconf 70' lang='grc' dir='ltr'>ιο</span> <span class='ocrx_word' id='word_1_306' title='bbox 669 4167 763 4238; x_wconf 83' lang='grc' dir='ltr'>τὴν</span> <span class='ocrx_word' id='word_1_307' title='bbox 792 4171 845 4225; x_wconf 84' lang='grc' dir='ltr'>ἐν</span> <span class='ocrx_word' id='word_1_308' title='bbox 877 4166 1024 4225; x_wconf 81' lang='grc' dir='ltr'>ἄστει</span> <span class='ocrx_word' id='word_1_309' title='bbox 1064 4166 1229 4226; x_wconf 80' lang='grc' dir='ltr'>οἰκίαν</span> <span class='ocrx_word' id='word_1_310' title='bbox 1267 4166 1599 4246; x_wconf 78' lang='grc' dir='ltr'>ἐξαιρεθέντες</span> <span class='ocrx_word' id='word_1_311' title='bbox 1622 4167 1747 4245; x_wconf 85' lang='grc' dir='ltr'>πρὸς</span> <span class='ocrx_word' id='word_1_312' title='bbox 1782 4171 1856 4246; x_wconf 77' lang='grc' dir='ltr'>τῷ</span> <span class='ocrx_word' id='word_1_313' title='bbox 1883 4165 2040 4246; x_wconf 81' lang='grc' dir='ltr'>τρίτῳ</span> <span class='ocrx_word' id='word_1_314' title='bbox 2069 4166 2213 4247; x_wconf 86' lang='grc' dir='ltr'>μέρει</span> 
     </span>
     <span class='ocr_line' id='line_1_40' title="bbox 666 4246 2214 4332; baseline 0 -20"><span class='ocrx_word' id='word_1_315' title='bbox 666 4260 754 4312; x_wconf 80' lang='grc' dir='ltr'>τοῦ</span> <span class='ocrx_word' id='word_1_316' title='bbox 798 4252 992 4332; x_wconf 88' lang='grc' dir='ltr'>κλήρου</span> <span class='ocrx_word' id='word_1_317' title='bbox 1020 4254 1158 4332; x_wconf 78' lang='grc' dir='ltr'>ἔχειν</span> <span class='ocrx_word' id='word_1_318' title='bbox 1190 4255 1301 4312; x_wconf 73' lang='grc' dir='ltr'>ἀντὶ</span> <span class='ocrx_word' id='word_1_319' title='bbox 1327 4257 1439 4312; x_wconf 84' lang='grc' dir='ltr'>’τῶν</span> <span class='ocrx_word' id='word_1_320' title='bbox 1470 4253 1948 4330; x_wconf 81' lang='grc' dir='ltr'>ἐπεσκευασμένων,</span> <span class='ocrx_word' id='word_1_321' title='bbox 1978 4254 2042 4324; x_wconf 81' lang='grc' dir='ltr'>ἢν</span> <span class='ocrx_word' id='word_1_322' title='bbox 2071 4246 2214 4321; x_wconf 73' lang='grc' dir='ltr'>οὗτος</span> 
     </span>
     <span class='ocr_line' id='line_1_41' title="bbox 669 4339 2208 4421; baseline 0.002 -24"><span class='ocrx_word' id='word_1_323' title='bbox 669 4341 784 4398; x_wconf 78' lang='grc' dir='ltr'>ἀντὶ</span> <span class='ocrx_word' id='word_1_324' title='bbox 812 4341 1246 4418; x_wconf 68' lang='grc' dir='ltr'>πεντακισχιλίων</span> <span class='ocrx_word' id='word_1_325' title='bbox 1293 4343 1541 4420; x_wconf 82' lang='grc' dir='ltr'>δραχμῶν</span> <span class='ocrx_word' id='word_1_326' title='bbox 1587 4339 1859 4421; x_wconf 81' lang='grc' dir='ltr'>παρέδωκε</span> <span class='ocrx_word' id='word_1_327' title='bbox 1897 4341 2208 4421; x_wconf 83' lang='grc' dir='ltr'>Φιλονείκῳ.</span> 
     </span>
     <span class='ocr_line' id='line_1_42' title="bbox 669 4424 2212 4532; baseline -0.001 -46"><span class='ocrx_word' id='word_1_328' title='bbox 669 4428 759 4504; x_wconf 80' lang='grc' dir='ltr'>(3ο)</span> <span class='ocrx_word' id='word_1_329' title='bbox 785 4424 1017 4532; x_wconf 82' lang='grc' dir='ltr'>Ἔδομεν</span> <span class='ocrx_word' id='word_1_330' title='bbox 1058 4427 1112 4484; x_wconf 87' lang='grc' dir='ltr'>δὲ</span> <span class='ocrx_word' id='word_1_331' title='bbox 1150 4451 1207 4485; x_wconf 93' lang='grc' dir='ltr'>ου</span> <span class='ocrx_word' id='word_1_332' title='bbox 1233 4427 1317 4485; x_wconf 80' lang='grc' dir='ltr'>διὰ</span> <span class='ocrx_word' id='word_1_333' title='bbox 1344 4427 1440 4498; x_wconf 82' lang='grc' dir='ltr'>τὴν</span> <span class='ocrx_word' id='word_1_334' title='bbox 1466 4452 1556 4486; x_wconf 90' lang='grc' dir='ltr'>του</span> <span class='ocrx_word' id='word_1_335' title='bbox 1604 4426 1960 4502; x_wconf 88' lang='grc' dir='ltr'>Δικαιογένους</span> <span class='ocrx_word' id='word_1_336' title='bbox 1986 4426 2212 4505; x_wconf 78' lang='grc' dir='ltr'>χρηστό-</span> 
     </span>
     <span class='ocr_line' id='line_1_43' title="bbox 665 4510 2212 4592; baseline 0.001 -23"><span class='ocrx_word' id='word_1_337' title='bbox 665 4535 830 4583; x_wconf 85' lang='grc' dir='ltr'>τητα,</span> <span class='ocrx_word' id='word_1_338' title='bbox 850 4538 893 4570; x_wconf 90' lang='grc' dir='ltr'>ω</span> <span class='ocrx_word' id='word_1_339' title='bbox 926 4513 1127 4591; x_wconf 81' lang='grc' dir='ltr'>ἄνδρες,</span> <span class='ocrx_word' id='word_1_340' title='bbox 1151 4512 1265 4570; x_wconf 76' lang='grc' dir='ltr'>ἀλλ’</span> <span class='ocrx_word' id='word_1_341' title='bbox 1288 4511 1691 4590; x_wconf 78' lang='grc' dir='ltr'>ἐπιδεικνύμενοι</span> <span class='ocrx_word' id='word_1_342' title='bbox 1714 4510 1792 4570; x_wconf 77' lang='grc' dir='ltr'>ὅτι</span> <span class='ocrx_word' id='word_1_343' title='bbox 1822 4516 1878 4570; x_wconf 83' lang='grc' dir='ltr'>οὗ</span> <span class='ocrx_word' id='word_1_344' title='bbox 1901 4512 2019 4592; x_wconf 77' lang='grc' dir='ltr'>περὶ</span> <span class='ocrx_word' id='word_1_345' title='bbox 2041 4514 2212 4572; x_wconf 83' lang='grc' dir='ltr'>πλείο·</span> 
     </span>
     <span class='ocr_line' id='line_1_44' title="bbox 667 4598 2212 4709; baseline 0.001 -52"><span class='ocrx_word' id='word_1_346' title='bbox 667 4622 750 4666; x_wconf 90' lang='grc' dir='ltr'>νος</span> <span class='ocrx_word' id='word_1_347' title='bbox 772 4599 1025 4709; x_wconf 81' lang='grc' dir='ltr'>χρήματα</span> <span class='ocrx_word' id='word_1_348' title='bbox 1052 4598 1336 4677; x_wconf 82' lang='grc' dir='ltr'>ποιούμεθα</span> <span class='ocrx_word' id='word_1_349' title='bbox 1355 4603 1457 4658; x_wconf 81' lang='grc' dir='ltr'>τῶν</span> <span class='ocrx_word' id='word_1_350' title='bbox 1485 4600 1713 4672; x_wconf 75' lang='grc' dir='ltr'>οἰκείων,</span> <span class='ocrx_word' id='word_1_351' title='bbox 1741 4600 1900 4658; x_wconf 78' lang='grc' dir='ltr'>οὐδ’</span> <span class='ocrx_word' id='word_1_352' title='bbox 1875 4624 1937 4658; x_wconf 93' lang='grc' dir='ltr'>αν</span> <span class='ocrx_word' id='word_1_353' title='bbox 1961 4600 2097 4658; x_wconf 90' lang='grc' dir='ltr'>πάνυ</span> <span class='ocrx_word' id='word_1_354' title='bbox 2115 4623 2212 4658; x_wconf 85' lang='grc' dir='ltr'>πο·</span> 
     </span>
    </p>
   </div>
   <div class='ocr_carea' id='block_1_11' title="bbox 666 4684 2256 4767">
    <p class='ocr_par' dir='ltr' id='par_1_11' title="bbox 666 4684 2256 4767">
     <span class='ocr_line' id='line_1_45' title="bbox 666 4684 2256 4767; baseline 0.001 -24"><span class='ocrx_word' id='word_1_355' title='bbox 666 4688 810 4766; x_wconf 85' lang='grc' dir='ltr'>νηροὶ</span> <span class='ocrx_word' id='word_1_356' title='bbox 852 4710 970 4748; x_wconf 90' lang='grc' dir='ltr'>ωσι.</span> <span class='ocrx_word' id='word_1_357' title='bbox 1054 4688 1162 4746; x_wconf 73' lang='grc' dir='ltr'>Καὶ</span> <span class='ocrx_word' id='word_1_358' title='bbox 1195 4686 1298 4766; x_wconf 83' lang='grc' dir='ltr'>γὰρ</span> <span class='ocrx_word' id='word_1_359' title='bbox 1325 4687 1570 4767; x_wconf 85' lang='grc' dir='ltr'>πρότερον</span> <span class='ocrx_word' id='word_1_360' title='bbox 1611 4684 1687 4744; x_wconf 77' lang='grc' dir='ltr'>ὅτ’</span> <span class='ocrx_word' id='word_1_361' title='bbox 1726 4688 1804 4765; x_wconf 82' lang='grc' dir='ltr'>ἐφ’</span> <span class='ocrx_word' id='word_1_362' title='bbox 1847 4691 1971 4761; x_wconf 83' lang='grc' dir='ltr'>ἡμῖν</span> <span class='ocrx_word' id='word_1_363' title='bbox 2015 4686 2214 4763; x_wconf 76' lang='grc' dir='ltr'>ἐγένετο</span> <span class='ocrx_word' id='word_1_364' title='bbox 2255 4701 2256 4730; x_wconf 72' lang='lat'><em>³</em></span> 
     </span>
    </p>
   </div>
   <div class='ocr_carea' id='block_1_12' title="bbox 580 4764 2216 5462">
    <p class='ocr_par' dir='ltr' id='par_1_12' title="bbox 580 4764 2216 5462">
     <span class='ocr_line' id='line_1_46' title="bbox 669 4764 2216 4853; baseline 0 -22"><span class='ocrx_word' id='word_1_365' title='bbox 669 4772 1007 4850; x_wconf 79' lang='grc' dir='ltr'>Δικαιογένην</span> <span class='ocrx_word' id='word_1_366' title='bbox 1027 4773 1426 4852; x_wconf 88' lang='grc' dir='ltr'>τιμωρήσασθαι</span> <span class='ocrx_word' id='word_1_367' title='bbox 1451 4796 1540 4831; x_wconf 91' lang='grc' dir='ltr'>και</span> <span class='ocrx_word' id='word_1_368' title='bbox 1562 4772 1839 4853; x_wconf 81' lang='grc' dir='ltr'>ἀφελέσθαι</span> <span class='ocrx_word' id='word_1_369' title='bbox 1868 4774 1902 4831; x_wconf 81' lang='grc' dir='ltr'>ἃ</span> <span class='ocrx_word' id='word_1_370' title='bbox 1929 4764 2097 4851; x_wconf 70' lang='grc' dir='ltr'>εἶχεν,</span> <span class='ocrx_word' id='word_1_371' title='bbox 2122 4776 2216 4832; x_wconf 84' lang='grc' dir='ltr'>οὗκ</span> 
     </span>
     <span class='ocr_line' id='line_1_47' title="bbox 580 4857 2215 4936; baseline -0.001 -19"><span class='ocrx_word' id='word_1_372' title='bbox 580 4857 647 4910; x_wconf 70' lang='lat'>54</span> <span class='ocrx_word' id='word_1_373' title='bbox 670 4858 1021 4936; x_wconf 68' lang='grc' dir='ltr'>ἐδουλήθημεν</span> <span class='ocrx_word' id='word_1_374' title='bbox 1049 4864 1151 4918; x_wconf 83' lang='grc' dir='ltr'>τῶν</span> <span class='ocrx_word' id='word_1_375' title='bbox 1200 4859 1382 4919; x_wconf 83' lang='grc' dir='ltr'>τούτου</span> <span class='ocrx_word' id='word_1_376' title='bbox 1413 4859 1707 4930; x_wconf 86' lang='grc' dir='ltr'>κτήσασθαι</span> <span class='ocrx_word' id='word_1_377' title='bbox 1751 4858 1927 4931; x_wconf 80' lang='grc' dir='ltr'>οὐδέν,</span> <span class='ocrx_word' id='word_1_378' title='bbox 1977 4858 2112 4917; x_wconf 77' lang='grc' dir='ltr'>ἀλλὰ</span> <span class='ocrx_word' id='word_1_379' title='bbox 2147 4859 2215 4918; x_wconf 76' lang='grc' dir='ltr'>τὰ</span> 
     </span>
     <span class='ocr_line' id='line_1_48' title="bbox 668 4939 2213 5026; baseline 0.001 -23"><span class='ocrx_word' id='word_1_380' title='bbox 668 4945 896 5026; x_wconf 78' lang='grc' dir='ltr'>ἡμέτερα</span> <span class='ocrx_word' id='word_1_381' title='bbox 918 4947 1070 5024; x_wconf 90' lang='grc' dir='ltr'>μόνον</span> <span class='ocrx_word' id='word_1_382' title='bbox 1100 4947 1416 5024; x_wconf 88' lang='grc' dir='ltr'>κομίσασθαι</span> <span class='ocrx_word' id='word_1_383' title='bbox 1444 4946 1645 5026; x_wconf 87' lang='grc' dir='ltr'>ἐςήρκει</span> <span class='ocrx_word' id='word_1_384' title='bbox 1672 4948 1821 5021; x_wconf 77' lang='grc' dir='ltr'>ἡμῖν.</span> <span class='ocrx_word' id='word_1_385' title='bbox 1870 4939 2090 5013; x_wconf 88' lang='grc' dir='ltr'>Ουτος</span> <span class='ocrx_word' id='word_1_386' title='bbox 2062 4951 2108 5004; x_wconf 90' lang='grc' dir='ltr'>ο’</span> <span class='ocrx_word' id='word_1_387' title='bbox 2138 4946 2213 5005; x_wconf 82' lang='grc' dir='ltr'>ὅτ’</span> 
     </span>
     <span class='ocr_line' id='line_1_49' title="bbox 669 5033 2211 5111; baseline 0.001 -21"><span class='ocrx_word' id='word_1_388' title='bbox 669 5033 950 5111; x_wconf 80' lang='grc' dir='ltr'>ἐκράτησεν</span> <span class='ocrx_word' id='word_1_389' title='bbox 996 5038 1172 5109; x_wconf 81' lang='grc' dir='ltr'>ἡμῶν,</span> <span class='ocrx_word' id='word_1_390' title='bbox 1223 5033 1548 5104; x_wconf 76' lang='grc' dir='ltr'>ἀπεσύλησεν</span> <span class='ocrx_word' id='word_1_391' title='bbox 1599 5034 1633 5092; x_wconf 80' lang='grc' dir='ltr'>ἃ</span> <span class='ocrx_word' id='word_1_392' title='bbox 1679 5034 1894 5093; x_wconf 78' lang='grc' dir='ltr'>ἐδύνατο</span> <span class='ocrx_word' id='word_1_393' title='bbox 1911 5079 1926 5103; x_wconf 93' lang='grc'>,</span> <span class='ocrx_word' id='word_1_394' title='bbox 1997 5034 2087 5091; x_wconf 75' lang='grc' dir='ltr'>καὶ</span> <span class='ocrx_word' id='word_1_395' title='bbox 2142 5038 2211 5100; x_wconf 83' lang='grc' dir='ltr'>ὡς</span> 
     </span>
     <span class='ocr_line' id='line_1_50' title="bbox 670 5119 2214 5200; baseline 0.001 -24"><span class='ocrx_word' id='word_1_396' title='bbox 670 5119 880 5197; x_wconf 71' lang='grc' dir='ltr'>ἐχθροὺς</span> <span class='ocrx_word' id='word_1_397' title='bbox 901 5122 1018 5178; x_wconf 83' lang='grc' dir='ltr'>ἀλλ’</span> <span class='ocrx_word' id='word_1_398' title='bbox 1046 5123 1102 5179; x_wconf 85' lang='grc' dir='ltr'>οὐ</span> <span class='ocrx_word' id='word_1_399' title='bbox 1119 5121 1472 5200; x_wconf 84' lang='grc' dir='ltr'>προσήκοντας</span> <span class='ocrx_word' id='word_1_400' title='bbox 1493 5123 1764 5183; x_wconf 79' lang='grc' dir='ltr'>ἀπόλλυσι.</span> <span class='ocrx_word' id='word_1_401' title='bbox 1810 5122 1896 5199; x_wconf 81' lang='lat'><strong>(31)</strong></span> <span class='ocrx_word' id='word_1_402' title='bbox 1919 5120 2214 5199; x_wconf 84' lang='grc' dir='ltr'>Τεκμήριον</span> 
     </span>
     <span class='ocr_line' id='line_1_51' title="bbox 671 5203 2215 5287; baseline 0.003 -26"><span class='ocrx_word' id='word_1_403' title='bbox 671 5203 729 5262; x_wconf 84' lang='grc' dir='ltr'>δὲ</span> <span class='ocrx_word' id='word_1_404' title='bbox 756 5206 844 5261; x_wconf 81' lang='grc' dir='ltr'>καὶ</span> <span class='ocrx_word' id='word_1_405' title='bbox 867 5209 970 5263; x_wconf 83' lang='grc' dir='ltr'>τῶν</span> <span class='ocrx_word' id='word_1_406' title='bbox 1010 5206 1276 5287; x_wconf 79' lang='grc' dir='ltr'>ἡμετέρων</span> <span class='ocrx_word' id='word_1_407' title='bbox 1304 5208 1504 5287; x_wconf 87' lang='grc' dir='ltr'>τρόπων</span> <span class='ocrx_word' id='word_1_408' title='bbox 1531 5208 1619 5268; x_wconf 80' lang='grc' dir='ltr'>καὶ</span> <span class='ocrx_word' id='word_1_409' title='bbox 1655 5214 1745 5280; x_wconf 72' lang='grc' dir='ltr'>τῆς</span> <span class='ocrx_word' id='word_1_410' title='bbox 1786 5209 1966 5267; x_wconf 88' lang='grc' dir='ltr'>τούτου</span> <span class='ocrx_word' id='word_1_411' title='bbox 2013 5208 2215 5275; x_wconf 84' lang='grc' dir='ltr'>ἀδικίας</span> 
     </span>
     <span class='ocr_line' id='line_1_52' title="bbox 668 5288 2212 5376; baseline 0.002 -29"><span class='ocrx_word' id='word_1_412' title='bbox 668 5288 804 5365; x_wconf 79' lang='grc' dir='ltr'>μέγα</span> <span class='ocrx_word' id='word_1_413' title='bbox 833 5291 1178 5369; x_wconf 76' lang='grc' dir='ltr'>παρεξόμεθα.</span> <span class='ocrx_word' id='word_1_414' title='bbox 1264 5295 1570 5366; x_wconf 80' lang='grc' dir='ltr'>Μελλούσης</span> <span class='ocrx_word' id='word_1_415' title='bbox 1598 5296 1698 5376; x_wconf 85' lang='grc' dir='ltr'>γὰρ</span> <span class='ocrx_word' id='word_1_416' title='bbox 1728 5301 1820 5367; x_wconf 69' lang='grc' dir='ltr'>τῆς</span> <span class='ocrx_word' id='word_1_417' title='bbox 1845 5294 1971 5374; x_wconf 83' lang='grc' dir='ltr'>πρὸς</span> <span class='ocrx_word' id='word_1_418' title='bbox 1996 5294 2212 5373; x_wconf 76' lang='grc' dir='ltr'>Λεωχά-</span> 
     </span>
     <span class='ocr_line' id='line_1_53' title="bbox 671 5370 2213 5462; baseline 0.002 -28"><span class='ocrx_word' id='word_1_419' title='bbox 671 5400 766 5457; x_wconf 84' lang='grc' dir='ltr'>ρην</span> <span class='ocrx_word' id='word_1_420' title='bbox 787 5376 927 5449; x_wconf 79' lang='grc' dir='ltr'>δίκης</span> <span class='ocrx_word' id='word_1_421' title='bbox 944 5370 1428 5459; x_wconf 70' lang='grc' dir='ltr'>εἰσιέναι,ὦᾶνδρες,</span> <span class='ocrx_word' id='word_1_422' title='bbox 1447 5385 1499 5440; x_wconf 83' lang='grc' dir='ltr'>ἐν</span> <span class='ocrx_word' id='word_1_423' title='bbox 1518 5385 1592 5461; x_wconf 78' lang='grc' dir='ltr'>τῷ</span> <span class='ocrx_word' id='word_1_424' title='bbox 1616 5385 2048 5462; x_wconf 83' lang='grc' dir='ltr'>Μαιμακτηριῶνι</span> <span class='ocrx_word' id='word_1_425' title='bbox 2071 5380 2213 5458; x_wconf 84' lang='grc' dir='ltr'>μηνί,</span> 
     </span>
    </p>
   </div>
   <div class='ocr_carea' id='block_1_13' title="bbox 1421 662 3164 742">
    <p class='ocr_par' dir='ltr' id='par_1_13' title="bbox 1421 662 3164 742">
     <span class='ocr_line' id='line_1_54' title="bbox 1421 662 3164 742; baseline -0.001 -19"><span class='ocrx_word' id='word_1_426' title='bbox 1421 664 1681 724; x_wconf 79' lang='grc' dir='ltr'><strong>ΙΣΑῙΟΥ</strong></span> <span class='ocrx_word' id='word_1_427' title='bbox 1722 667 1771 723; x_wconf 94' lang='grc' dir='ltr'>Ο</span> <span class='ocrx_word' id='word_1_428' title='bbox 1821 664 2000 723; x_wconf 81' lang='grc' dir='ltr'>ΠΕΡΙ</span> <span class='ocrx_word' id='word_1_429' title='bbox 2040 663 2797 742; x_wconf 66' lang='lat' dir='ltr'>‘r01·‚A1KA10rEN01·2</span> <span class='ocrx_word' id='word_1_430' title='bbox 2840 662 3164 723; x_wconf 81' lang='grc' dir='ltr'>ΚΛΗΡΟΥ.</span> 
     </span>
    </p>
   </div>
   <div class='ocr_carea' id='block_1_14' title="bbox 2233 835 2282 5455">
    <p class='ocr_par' dir='ltr' id='par_1_14' title="bbox 2233 835 2282 5455">
     <span class='ocr_line' id='line_1_55' title="bbox 2233 835 2282 5455; baseline 0 0"><span class='ocrx_word' id='word_1_431' title='bbox 2233 835 2282 5455; x_wconf 95' lang='lat' dir='ltr'> </span> 
     </span>
    </p>
   </div>
   <div class='ocr_carea' id='block_1_15' title="bbox 2970 662 3829 880">
    <p class='ocr_par' dir='ltr' id='par_1_15' title="bbox 2970 662 3829 880">
     <span class='ocr_line' id='line_1_56' title="bbox 3561 662 3829 742; baseline 0.007 -21"><span class='ocrx_word' id='word_1_432' title='bbox 3561 662 3829 742; x_wconf 72' lang='grc' dir='ltr'>(ιω-ιω)</span> 
     </span>
     <span class='ocr_line' id='line_1_57' title="bbox 2970 838 3204 880; baseline -0.004 0"><span class='ocrx_word' id='word_1_433' title='bbox 2970 838 3204 880; x_wconf 71' lang='lat' dir='ltr'>res-res.</span> 
     </span>
    </p>
   </div>
   <div class='ocr_carea' id='block_1_16' title="bbox 2294 974 3848 1926">
    <p class='ocr_par' dir='ltr' id='par_1_16' title="bbox 2294 974 3848 1926">
     <span class='ocr_line' id='line_1_58' title="bbox 2359 974 3838 1038; baseline 0.004 -16"><span class='ocrx_word' id='word_1_434' title='bbox 2359 980 2435 1022; x_wconf 83' lang='lat'>25.</span> <span class='ocrx_word' id='word_1_435' title='bbox 2472 976 2586 1023; x_wconf 77' lang='lat' dir='ltr'>ilaec</span> <span class='ocrx_word' id='word_1_436' title='bbox 2604 987 2716 1035; x_wconf 90' lang='lat' dir='ltr'>nos,</span> <span class='ocrx_word' id='word_1_437' title='bbox 2739 974 2989 1037; x_wconf 51' lang='lat' dir='ltr'>modicus,</span> <span class='ocrx_word' id='word_1_438' title='bbox 3008 988 3038 1024; x_wconf 78' lang='lat' dir='ltr'><strong>a</strong></span> <span class='ocrx_word' id='word_1_439' title='bbox 3055 975 3332 1038; x_wconf 80' lang='lat' dir='ltr'>Dicaeogene</span> <span class='ocrx_word' id='word_1_440' title='bbox 3353 976 3482 1038; x_wconf 61' lang='grc' dir='ltr'>βοαὶ</span> <span class='ocrx_word' id='word_1_441' title='bbox 3502 989 3675 1027; x_wconf 80' lang='lat' dir='ltr'>sumus</span> <span class='ocrx_word' id='word_1_442' title='bbox 3699 996 3711 1025; x_wconf 71' lang='grc' dir='ltr'><strong>ε</strong></span> <span class='ocrx_word' id='word_1_443' title='bbox 3732 979 3838 1028; x_wconf 75' lang='lat' dir='ltr'>taeo-</span> 
     </span>
     <span class='ocr_line' id='line_1_59' title="bbox 2297 1065 3842 1130; baseline 0.001 -17"><span class='ocrx_word' id='word_1_444' title='bbox 2297 1065 2464 1114; x_wconf 80' lang='lat' dir='ltr'>cbares</span> <span class='ocrx_word' id='word_1_445' title='bbox 2482 1068 2640 1114; x_wconf 85' lang='lat' dir='ltr'>autem</span> <span class='ocrx_word' id='word_1_446' title='bbox 2653 1101 2667 1125; x_wconf 91' lang='lat'><strong>,</strong></span> <span class='ocrx_word' id='word_1_447' title='bbox 2685 1079 2713 1113; x_wconf 80' lang='lat' dir='ltr'>a</span> <span class='ocrx_word' id='word_1_448' title='bbox 2735 1079 2832 1127; x_wconf 87' lang='lat' dir='ltr'>quo</span> <span class='ocrx_word' id='word_1_449' title='bbox 2850 1065 2960 1114; x_wconf 81' lang='lat' dir='ltr'>baec</span> <span class='ocrx_word' id='word_1_450' title='bbox 2981 1066 3143 1114; x_wconf 74' lang='lat' dir='ltr'>omnin</span> <span class='ocrx_word' id='word_1_451' title='bbox 3160 1066 3297 1116; x_wconf 83' lang='lat' dir='ltr'>nobis</span> <span class='ocrx_word' id='word_1_452' title='bbox 3315 1065 3527 1116; x_wconf 76' lang='lat' dir='ltr'>conflata</span> <span class='ocrx_word' id='word_1_453' title='bbox 3544 1069 3660 1117; x_wconf 78' lang='lat' dir='ltr'>sunt</span> <span class='ocrx_word' id='word_1_454' title='bbox 3672 1104 3687 1128; x_wconf 88' lang='lat'>‚</span> <span class='ocrx_word' id='word_1_455' title='bbox 3706 1081 3842 1130; x_wconf 80' lang='lat' dir='ltr'>quum</span> 
     </span>
     <span class='ocr_line' id='line_1_60' title="bbox 2298 1152 3845 1217; baseline 0.003 -18"><span class='ocrx_word' id='word_1_456' title='bbox 2298 1166 2385 1213; x_wconf 85' lang='lat' dir='ltr'>pro</span> <span class='ocrx_word' id='word_1_457' title='bbox 2414 1152 2495 1200; x_wconf 85' lang='lat' dir='ltr'>illo</span> <span class='ocrx_word' id='word_1_458' title='bbox 2519 1152 2872 1214; x_wconf 77' lang='lat' dir='ltr'><strong>spopondisset,</strong></span> <span class='ocrx_word' id='word_1_459' title='bbox 2897 1155 3037 1215; x_wconf 79' lang='lat' dir='ltr'>negat</span> <span class='ocrx_word' id='word_1_460' title='bbox 3072 1166 3123 1202; x_wconf 90' lang='lat' dir='ltr'>se</span> <span class='ocrx_word' id='word_1_461' title='bbox 3145 1166 3201 1203; x_wconf 78' lang='lat' dir='ltr'>es</span> <span class='ocrx_word' id='word_1_462' title='bbox 3231 1153 3545 1217; x_wconf 71' lang='lat' dir='ltr'>spopondisse</span> <span class='ocrx_word' id='word_1_463' title='bbox 3579 1167 3691 1217; x_wconf 79' lang='lat' dir='ltr'>qnae</span> <span class='ocrx_word' id='word_1_464' title='bbox 3717 1157 3845 1204; x_wconf 76' lang='lat' dir='ltr'>testes</span> 
     </span>
     <span class='ocr_line' id='line_1_61' title="bbox 2297 1239 3845 1301; baseline 0.003 -15"><span class='ocrx_word' id='word_1_465' title='bbox 2297 1239 2519 1298; x_wconf 83' lang='lat' dir='ltr'>edicunt3</span> <span class='ocrx_word' id='word_1_466' title='bbox 2561 1240 2746 1288; x_wconf 81' lang='lat' dir='ltr'>nullam</span> <span class='ocrx_word' id='word_1_467' title='bbox 2770 1240 2899 1288; x_wconf 91' lang='lat' dir='ltr'>enim</span> <span class='ocrx_word' id='word_1_468' title='bbox 2926 1240 3221 1289; x_wconf 88' lang='lat' dir='ltr'>mentionem</span> <span class='ocrx_word' id='word_1_469' title='bbox 3244 1240 3350 1301; x_wconf 80' lang='lat' dir='ltr'>eius</span> <span class='ocrx_word' id='word_1_470' title='bbox 3382 1240 3451 1290; x_wconf 91' lang='lat' dir='ltr'>rei</span> <span class='ocrx_word' id='word_1_471' title='bbox 3485 1241 3591 1290; x_wconf 79' lang='lat' dir='ltr'>fleri</span> <span class='ocrx_word' id='word_1_472' title='bbox 3614 1242 3664 1290; x_wconf 90' lang='lat' dir='ltr'>in</span> <span class='ocrx_word' id='word_1_473' title='bbox 3687 1241 3845 1290; x_wconf 72' lang='lat' dir='ltr'>tabuiis</span> 
     </span>
     <span class='ocr_line' id='line_1_62' title="bbox 2296 1323 3845 1389; baseline 0.003 -16"><span class='ocrx_word' id='word_1_474' title='bbox 2296 1338 2458 1373; x_wconf 81' lang='lat' dir='ltr'>coram</span> <span class='ocrx_word' id='word_1_475' title='bbox 2474 1323 2651 1385; x_wconf 83' lang='lat' dir='ltr'>judicio</span> <span class='ocrx_word' id='word_1_476' title='bbox 2681 1324 2901 1373; x_wconf 87' lang='lat' dir='ltr'>conditis.</span> <span class='ocrx_word' id='word_1_477' title='bbox 2966 1327 3064 1375; x_wconf 78' lang='lat' dir='ltr'>Nos</span> <span class='ocrx_word' id='word_1_478' title='bbox 3089 1328 3279 1387; x_wconf 82' lang='lat' dir='ltr'>autem,</span> <span class='ocrx_word' id='word_1_479' title='bbox 3303 1339 3336 1373; x_wconf 90' lang='lat'><strong>0</strong></span> <span class='ocrx_word' id='word_1_480' title='bbox 3355 1325 3575 1389; x_wconf 76' lang='lat' dir='ltr'>judioes,</span> <span class='ocrx_word' id='word_1_481' title='bbox 3598 1327 3721 1376; x_wconf 84' lang='lat' dir='ltr'>tunc</span> <span class='ocrx_word' id='word_1_482' title='bbox 3735 1329 3845 1377; x_wconf 84' lang='lat' dir='ltr'>tem·</span> 
     </span>
     <span class='ocr_line' id='line_1_63' title="bbox 2296 1416 3845 1490; baseline 0.001 -24"><span class='ocrx_word' id='word_1_483' title='bbox 2296 1420 2425 1480; x_wconf 86' lang='lat' dir='ltr'>poris</span> <span class='ocrx_word' id='word_1_484' title='bbox 2445 1417 2495 1466; x_wconf 90' lang='lat' dir='ltr'>in</span> <span class='ocrx_word' id='word_1_485' title='bbox 2512 1416 2740 1465; x_wconf 80' lang='lat' dir='ltr'>tribunali</span> <span class='ocrx_word' id='word_1_486' title='bbox 2756 1417 3049 1479; x_wconf 73' lang='lat' dir='ltr'>testinantes,</span> <span class='ocrx_word' id='word_1_487' title='bbox 3061 1416 3154 1466; x_wconf 81' lang='lat' dir='ltr'>alia</span> <span class='ocrx_word' id='word_1_488' title='bbox 3167 1416 3217 1466; x_wconf 91' lang='lat' dir='ltr'>in</span> <span class='ocrx_word' id='word_1_489' title='bbox 3235 1416 3429 1467; x_wconf 75' lang='lat' dir='ltr'>tabulas</span> <span class='ocrx_word' id='word_1_490' title='bbox 3444 1418 3634 1480; x_wconf 77' lang='lat' dir='ltr'>referri,</span> <span class='ocrx_word' id='word_1_491' title='bbox 3655 1418 3845 1490; x_wconf 69' lang='lat' dir='ltr'>atiorum</span> 
     </span>
     <span class='ocr_line' id='line_1_64' title="bbox 2298 1504 3847 1555; baseline 0.001 -2"><span class='ocrx_word' id='word_1_492' title='bbox 2298 1506 2441 1553; x_wconf 70' lang='lat' dir='ltr'>testoe</span> <span class='ocrx_word' id='word_1_493' title='bbox 2457 1504 2759 1553; x_wconf 77' lang='lat' dir='ltr'>solummodo</span> <span class='ocrx_word' id='word_1_494' title='bbox 2783 1504 2922 1553; x_wconf 88' lang='lat' dir='ltr'>nobis</span> <span class='ocrx_word' id='word_1_495' title='bbox 2936 1517 3037 1554; x_wconf 85' lang='lat' dir='ltr'>esse</span> <span class='ocrx_word' id='word_1_496' title='bbox 3065 1504 3368 1554; x_wconf 70' lang='lat' dir='ltr'>curavimus:</span> <span class='ocrx_word' id='word_1_497' title='bbox 3393 1505 3445 1553; x_wconf 85' lang='lat' dir='ltr'>hi</span> <span class='ocrx_word' id='word_1_498' title='bbox 3457 1508 3624 1554; x_wconf 75' lang='lat' dir='ltr'>autem</span> <span class='ocrx_word' id='word_1_499' title='bbox 3643 1519 3699 1555; x_wconf 75' lang='grc' dir='ltr'>οι</span> <span class='ocrx_word' id='word_1_500' title='bbox 3718 1505 3847 1555; x_wconf 82' lang='lat' dir='ltr'>modo</span> 
     </span>
     <span class='ocr_line' id='line_1_65' title="bbox 2297 1591 3848 1654; baseline 0.003 -15"><span class='ocrx_word' id='word_1_501' title='bbox 2297 1604 2406 1653; x_wconf 79' lang='lat' dir='ltr'>quae</span> <span class='ocrx_word' id='word_1_502' title='bbox 2425 1604 2452 1640; x_wconf 90' lang='lat' dir='ltr'>e</span> <span class='ocrx_word' id='word_1_503' title='bbox 2474 1605 2527 1640; x_wconf 91' lang='lat' dir='ltr'>re</span> <span class='ocrx_word' id='word_1_504' title='bbox 2546 1592 2756 1653; x_wconf 89' lang='lat' dir='ltr'>ipsorum</span> <span class='ocrx_word' id='word_1_505' title='bbox 2779 1595 2920 1654; x_wconf 86' lang='lat' dir='ltr'>sunt,</span> <span class='ocrx_word' id='word_1_506' title='bbox 2954 1594 3058 1641; x_wconf 75' lang='lat' dir='ltr'>rata</span> <span class='ocrx_word' id='word_1_507' title='bbox 3075 1591 3213 1642; x_wconf 77' lang='lat' dir='ltr'>aiunt</span> <span class='ocrx_word' id='word_1_508' title='bbox 3234 1604 3366 1653; x_wconf 77' lang='lat' dir='ltr'>esse,</span> <span class='ocrx_word' id='word_1_509' title='bbox 3392 1592 3585 1643; x_wconf 79' lang='lat' dir='ltr'>etiamsi</span> <span class='ocrx_word' id='word_1_510' title='bbox 3618 1594 3670 1642; x_wconf 88' lang='lat' dir='ltr'>in</span> <span class='ocrx_word' id='word_1_511' title='bbox 3689 1593 3848 1643; x_wconf 72' lang='lat' dir='ltr'>tabulis</span> 
     </span>
     <span class='ocr_line' id='line_1_66' title="bbox 2296 1677 3845 1742; baseline 0.003 -16"><span class='ocrx_word' id='word_1_512' title='bbox 2296 1677 2471 1739; x_wconf 77' lang='lat' dir='ltr'>scripta</span> <span class='ocrx_word' id='word_1_513' title='bbox 2512 1691 2609 1726; x_wconf 90' lang='lat' dir='ltr'>non</span> <span class='ocrx_word' id='word_1_514' title='bbox 2639 1679 2734 1727; x_wconf 87' lang='lat' dir='ltr'>sint</span> <span class='ocrx_word' id='word_1_515' title='bbox 2750 1694 2765 1738; x_wconf 89' lang='lat'>;</span> <span class='ocrx_word' id='word_1_516' title='bbox 2800 1691 2911 1740; x_wconf 76' lang='lat' dir='ltr'>quae</span> <span class='ocrx_word' id='word_1_517' title='bbox 2950 1680 3113 1728; x_wconf 83' lang='lat' dir='ltr'>autem</span> <span class='ocrx_word' id='word_1_518' title='bbox 3143 1677 3256 1739; x_wconf 84' lang='lat' dir='ltr'>ipsis</span> <span class='ocrx_word' id='word_1_519' title='bbox 3290 1691 3393 1727; x_wconf 87' lang='lat' dir='ltr'>non</span> <span class='ocrx_word' id='word_1_520' title='bbox 3424 1678 3740 1742; x_wconf 83' lang='lat' dir='ltr'>conducunt,</span> <span class='ocrx_word' id='word_1_521' title='bbox 3771 1692 3845 1741; x_wconf 70' lang='lat' dir='ltr'>et,</span> 
     </span>
     <span class='ocr_line' id='line_1_67' title="bbox 2297 1770 3844 1834; baseline 0.001 -13"><span class='ocrx_word' id='word_1_522' title='bbox 2297 1771 2473 1833; x_wconf 80' lang='lat' dir='ltr'>scripta</span> <span class='ocrx_word' id='word_1_523' title='bbox 2494 1771 2533 1819; x_wconf 93' lang='lat' dir='ltr'>si</span> <span class='ocrx_word' id='word_1_524' title='bbox 2558 1771 2713 1819; x_wconf 89' lang='lat' dir='ltr'>minus</span> <span class='ocrx_word' id='word_1_525' title='bbox 2745 1770 2946 1833; x_wconf 79' lang='lat' dir='ltr'>tuerint,</span> <span class='ocrx_word' id='word_1_526' title='bbox 2966 1772 3070 1820; x_wconf 70' lang='lat' dir='ltr'>ruta</span> <span class='ocrx_word' id='word_1_527' title='bbox 3094 1784 3196 1820; x_wconf 65' lang='lat' dir='ltr'>me</span> <span class='ocrx_word' id='word_1_528' title='bbox 3230 1771 3424 1833; x_wconf 81' lang='lat' dir='ltr'>negant.</span> <span class='ocrx_word' id='word_1_529' title='bbox 3456 1771 3558 1834; x_wconf 79' lang='lat'>(26)</span> <span class='ocrx_word' id='word_1_530' title='bbox 3584 1774 3687 1834; x_wconf 69' lang='lat' dir='ltr'>Ego</span> <span class='ocrx_word' id='word_1_531' title='bbox 3718 1785 3844 1834; x_wconf 76' lang='lat' dir='ltr'>vero,</span> 
     </span>
     <span class='ocr_line' id='line_1_68' title="bbox 2294 1863 3842 1926; baseline 0.003 -14"><span class='ocrx_word' id='word_1_532' title='bbox 2294 1864 2493 1925; x_wconf 85' lang='lat' dir='ltr'>judices,</span> <span class='ocrx_word' id='word_1_533' title='bbox 2505 1864 2572 1912; x_wconf 92' lang='lat' dir='ltr'>nil</span> <span class='ocrx_word' id='word_1_534' title='bbox 2591 1864 2738 1912; x_wconf 89' lang='lat' dir='ltr'>miror</span> <span class='ocrx_word' id='word_1_535' title='bbox 2756 1877 2837 1914; x_wconf 85' lang='lat' dir='ltr'>eos</span> <span class='ocrx_word' id='word_1_536' title='bbox 2853 1866 2992 1926; x_wconf 81' lang='lat' dir='ltr'>pacta</span> <span class='ocrx_word' id='word_1_537' title='bbox 3005 1863 3196 1913; x_wconf 75' lang='lat' dir='ltr'>infitiari</span> <span class='ocrx_word' id='word_1_538' title='bbox 3211 1863 3372 1914; x_wconf 82' lang='lat' dir='ltr'>verbis</span> <span class='ocrx_word' id='word_1_539' title='bbox 3383 1864 3695 1915; x_wconf 76' lang='lat' dir='ltr'>solummodo</span> <span class='ocrx_word' id='word_1_540' title='bbox 3710 1865 3842 1916; x_wconf 77' lang='lat' dir='ltr'>inita:</span> 
     </span>
    </p>
   </div>
   <div class='ocr_carea' id='block_1_17' title="bbox 2256 1956 3848 2018">
    <p class='ocr_par' dir='ltr' id='par_1_17' title="bbox 2256 1956 3848 2018">
     <span class='ocr_line' id='line_1_69' title="bbox 2256 1956 3848 2018; baseline 0.003 -14"><span class='ocrx_word' id='word_1_541' title='bbox 2256 1976 2259 1985; x_wconf 33' lang='grc' dir='ltr'><strong><em>Δ</em></strong></span> <span class='ocrx_word' id='word_1_542' title='bbox 2297 1969 2408 2004; x_wconf 83' lang='lat' dir='ltr'>nam</span> <span class='ocrx_word' id='word_1_543' title='bbox 2439 1969 2501 2005; x_wconf 90' lang='lat' dir='ltr'>ne</span> <span class='ocrx_word' id='word_1_544' title='bbox 2527 1956 2703 2017; x_wconf 83' lang='lat' dir='ltr'>scripta</span> <span class='ocrx_word' id='word_1_545' title='bbox 2725 1956 2918 2018; x_wconf 88' lang='lat' dir='ltr'>quidem</span> <span class='ocrx_word' id='word_1_546' title='bbox 2941 1969 3133 2006; x_wconf 81' lang='lat' dir='ltr'>servare</span> <span class='ocrx_word' id='word_1_547' title='bbox 3165 1957 3356 2006; x_wconf 80' lang='lat' dir='ltr'>volunt.</span> <span class='ocrx_word' id='word_1_548' title='bbox 3419 1959 3552 2007; x_wconf 75' lang='lat' dir='ltr'>Vera</span> <span class='ocrx_word' id='word_1_549' title='bbox 3576 1960 3742 2006; x_wconf 75' lang='lat' dir='ltr'>autem</span> <span class='ocrx_word' id='word_1_550' title='bbox 3771 1971 3848 2008; x_wconf 82' lang='lat' dir='ltr'>nos</span> 
     </span>
    </p>
   </div>
   <div class='ocr_carea' id='block_1_18' title="bbox 2297 2049 3847 2389">
    <p class='ocr_par' dir='ltr' id='par_1_18' title="bbox 2297 2049 3847 2389">
     <span class='ocr_line' id='line_1_70' title="bbox 2297 2049 3845 2113; baseline 0.005 -16"><span class='ocrx_word' id='word_1_551' title='bbox 2297 2049 2476 2108; x_wconf 79' lang='lat' dir='ltr'>dicere,</span> <span class='ocrx_word' id='word_1_552' title='bbox 2512 2049 2642 2098; x_wconf 81' lang='lat' dir='ltr'>aliud</span> <span class='ocrx_word' id='word_1_553' title='bbox 2676 2049 2832 2098; x_wconf 82' lang='lat' dir='ltr'>adbuc</span> <span class='ocrx_word' id='word_1_554' title='bbox 2866 2052 3200 2111; x_wconf 75' lang='lat' dir='ltr'><strong>argumentum</strong></span> <span class='ocrx_word' id='word_1_555' title='bbox 3241 2050 3506 2113; x_wconf 75' lang='lat' dir='ltr'>proteram.</span> <span class='ocrx_word' id='word_1_556' title='bbox 3561 2053 3845 2104; x_wconf 67' lang='lat' dir='ltr'>Protarcbidi</span> 
     </span>
     <span class='ocr_line' id='line_1_71' title="bbox 2300 2140 3847 2207; baseline 0.003 -17"><span class='ocrx_word' id='word_1_557' title='bbox 2300 2141 2518 2190; x_wconf 83' lang='lat' dir='ltr'>Potamio</span> <span class='ocrx_word' id='word_1_558' title='bbox 2533 2140 2838 2203; x_wconf 82' lang='lat' dir='ltr'>Dicaeogenes</span> <span class='ocrx_word' id='word_1_559' title='bbox 2854 2140 2985 2190; x_wconf 81' lang='lat' dir='ltr'><strong>dedit</strong></span> <span class='ocrx_word' id='word_1_560' title='bbox 2999 2153 3212 2189; x_wconf 89' lang='lat' dir='ltr'>sororem</span> <span class='ocrx_word' id='word_1_561' title='bbox 3235 2153 3376 2190; x_wconf 76' lang='lat' dir='ltr'>suam</span> <span class='ocrx_word' id='word_1_562' title='bbox 3394 2155 3510 2191; x_wconf 89' lang='lat' dir='ltr'>cum</span> <span class='ocrx_word' id='word_1_563' title='bbox 3528 2142 3646 2194; x_wconf 83' lang='lat' dir='ltr'>dote</span> <span class='ocrx_word' id='word_1_564' title='bbox 3660 2145 3847 2207; x_wconf 67' lang='lat' dir='ltr'>quadr·-</span> 
     </span>
     <span class='ocr_line' id='line_1_72' title="bbox 2297 2229 3844 2295; baseline 0.004 -15"><span class='ocrx_word' id='word_1_565' title='bbox 2297 2232 2427 2295; x_wconf 80' lang='lat' dir='ltr'>ginta</span> <span class='ocrx_word' id='word_1_566' title='bbox 2454 2233 2720 2293; x_wconf 84' lang='lat' dir='ltr'>minarum,</span> <span class='ocrx_word' id='word_1_567' title='bbox 2748 2235 2798 2283; x_wconf 85' lang='lat' dir='ltr'>et</span> <span class='ocrx_word' id='word_1_568' title='bbox 2821 2232 2928 2282; x_wconf 85' lang='lat' dir='ltr'>loco</span> <span class='ocrx_word' id='word_1_569' title='bbox 2951 2231 3073 2282; x_wconf 85' lang='lat' dir='ltr'>dotis</span> <span class='ocrx_word' id='word_1_570' title='bbox 3093 2229 3293 2280; x_wconf 88' lang='lat' dir='ltr'>domum</span> <span class='ocrx_word' id='word_1_571' title='bbox 3324 2231 3370 2281; x_wconf 87' lang='lat' dir='ltr'>ei</span> <span class='ocrx_word' id='word_1_572' title='bbox 3402 2232 3607 2284; x_wconf 68' lang='lat' dir='ltr'>tradidit</span> <span class='ocrx_word' id='word_1_573' title='bbox 3642 2235 3692 2284; x_wconf 89' lang='lat' dir='ltr'>in</span> <span class='ocrx_word' id='word_1_574' title='bbox 3716 2240 3844 2286; x_wconf 76' lang='lat' dir='ltr'>Cera·</span> 
     </span>
     <span class='ocr_line' id='line_1_73' title="bbox 2299 2323 3847 2389; baseline 0.002 -16"><span class='ocrx_word' id='word_1_575' title='bbox 2299 2325 2423 2373; x_wconf 89' lang='lat' dir='ltr'>mico</span> <span class='ocrx_word' id='word_1_576' title='bbox 2445 2324 2601 2373; x_wconf 82' lang='lat' dir='ltr'>sitam.</span> <span class='ocrx_word' id='word_1_577' title='bbox 2617 2325 2739 2374; x_wconf 80' lang='lat' dir='ltr'>Huic</span> <span class='ocrx_word' id='word_1_578' title='bbox 2758 2323 3113 2385; x_wconf 80' lang='lat' dir='ltr'>mulieri,quam</span> <span class='ocrx_word' id='word_1_579' title='bbox 3131 2323 3467 2374; x_wconf 76' lang='lat' dir='ltr'>Protarchides</span> <span class='ocrx_word' id='word_1_580' title='bbox 3488 2325 3847 2389; x_wconf 46' lang='lat' dir='ltr'>habeamini&amp;</span> 
     </span>
    </p>
   </div>
   <div class='ocr_carea' id='block_1_19' title="bbox 2251 2410 3844 2479">
    <p class='ocr_par' dir='ltr' id='par_1_19' title="bbox 2251 2410 3844 2479">
     <span class='ocr_line' id='line_1_74' title="bbox 2251 2410 3844 2479; baseline 0.002 -14"><span class='ocrx_word' id='word_1_581' title='bbox 2251 2410 2254 2431; x_wconf 48' lang='lat'>&#39;¹</span> <span class='ocrx_word' id='word_1_582' title='bbox 2299 2417 2454 2479; x_wconf 85' lang='lat' dir='ltr'>portio</span> <span class='ocrx_word' id='word_1_583' title='bbox 2472 2416 2746 2465; x_wconf 77' lang='lat' dir='ltr'>hereditatis</span> <span class='ocrx_word' id='word_1_584' title='bbox 2763 2415 3064 2478; x_wconf 70' lang='lat' dir='ltr'>competebat</span> <span class='ocrx_word' id='word_1_585' title='bbox 3079 2416 3226 2478; x_wconf 76' lang='lat' dir='ltr'>atque</span> <span class='ocrx_word' id='word_1_586' title='bbox 3244 2416 3388 2465; x_wconf 77' lang='lat' dir='ltr'>matri</span> <span class='ocrx_word' id='word_1_587' title='bbox 3407 2429 3552 2466; x_wconf 82' lang='lat' dir='ltr'>meoe.</span> <span class='ocrx_word' id='word_1_588' title='bbox 3581 2420 3682 2479; x_wconf 83' lang='lat'>(27)</span> <span class='ocrx_word' id='word_1_589' title='bbox 3700 2423 3844 2477; x_wconf 76' lang='lat' dir='ltr'>Quum</span> 
     </span>
    </p>
   </div>
   <div class='ocr_carea' id='block_1_20' title="bbox 2297 2507 3848 3033">
    <p class='ocr_par' dir='ltr' id='par_1_20' title="bbox 2297 2507 3848 3033">
     <span class='ocr_line' id='line_1_75' title="bbox 2297 2507 3844 2570; baseline 0.003 -14"><span class='ocrx_word' id='word_1_590' title='bbox 2297 2508 2440 2570; x_wconf 81' lang='lat' dir='ltr'>igitur</span> <span class='ocrx_word' id='word_1_591' title='bbox 2481 2508 2785 2570; x_wconf 73' lang='lat' dir='ltr'>Dicoeogenes</span> <span class='ocrx_word' id='word_1_592' title='bbox 2826 2507 3108 2557; x_wconf 87' lang='lat' dir='ltr'>mulieribus</span> <span class='ocrx_word' id='word_1_593' title='bbox 3152 2508 3215 2557; x_wconf 89' lang='lat' dir='ltr'>de</span> <span class='ocrx_word' id='word_1_594' title='bbox 3263 2507 3400 2558; x_wconf 70' lang='lat' dir='ltr'>besse</span> <span class='ocrx_word' id='word_1_595' title='bbox 3435 2509 3717 2560; x_wconf 71' lang='lat' dir='ltr'>hereditatis</span> <span class='ocrx_word' id='word_1_596' title='bbox 3747 2524 3844 2561; x_wconf 87' lang='lat' dir='ltr'>con·</span> 
     </span>
     <span class='ocr_line' id='line_1_76' title="bbox 2299 2599 3844 2661; baseline 0.003 -12"><span class='ocrx_word' id='word_1_597' title='bbox 2299 2600 2539 2661; x_wconf 75' lang='lat' dir='ltr'>cessisset,</span> <span class='ocrx_word' id='word_1_598' title='bbox 2573 2600 2772 2661; x_wconf 80' lang='lat' dir='ltr'>rogabat</span> <span class='ocrx_word' id='word_1_599' title='bbox 2806 2600 3067 2649; x_wconf 76' lang='lat' dir='ltr'>Leochares</span> <span class='ocrx_word' id='word_1_600' title='bbox 3103 2599 3469 2650; x_wconf 83' lang='lat' dir='ltr'>Protarchidem</span> <span class='ocrx_word' id='word_1_601' title='bbox 3491 2604 3546 2650; x_wconf 89' lang='lat' dir='ltr'>ut</span> <span class='ocrx_word' id='word_1_602' title='bbox 3578 2602 3673 2652; x_wconf 87' lang='lat' dir='ltr'>sibi</span> <span class='ocrx_word' id='word_1_603' title='bbox 3708 2602 3844 2653; x_wconf 77' lang='lat' dir='ltr'>trade·</span> 
     </span>
     <span class='ocr_line' id='line_1_77' title="bbox 2301 2691 3843 2755; baseline 0.001 -14"><span class='ocrx_word' id='word_1_604' title='bbox 2301 2695 2373 2741; x_wconf 87' lang='lat' dir='ltr'>ret</span> <span class='ocrx_word' id='word_1_605' title='bbox 2392 2692 2594 2741; x_wconf 81' lang='lat' dir='ltr'>insulam</span> <span class='ocrx_word' id='word_1_606' title='bbox 2612 2705 2756 2754; x_wconf 79' lang='lat' dir='ltr'>quam</span> <span class='ocrx_word' id='word_1_607' title='bbox 2775 2706 2864 2755; x_wconf 88' lang='lat' dir='ltr'>pro</span> <span class='ocrx_word' id='word_1_608' title='bbox 2880 2692 2992 2742; x_wconf 86' lang='lat' dir='ltr'>dote</span> <span class='ocrx_word' id='word_1_609' title='bbox 3014 2691 3345 2742; x_wconf 77' lang='lat' dir='ltr'>Protarchides</span> <span class='ocrx_word' id='word_1_610' title='bbox 3359 2691 3570 2742; x_wconf 77' lang='lat' dir='ltr'>babebat</span> <span class='ocrx_word' id='word_1_611' title='bbox 3587 2711 3602 2755; x_wconf 87' lang='grc'><strong>;</strong></span> <span class='ocrx_word' id='word_1_612' title='bbox 3621 2706 3652 2742; x_wconf 75' lang='lat' dir='ltr'>a</span> <span class='ocrx_word' id='word_1_613' title='bbox 3664 2708 3714 2743; x_wconf 87' lang='lat' dir='ltr'>se</span> <span class='ocrx_word' id='word_1_614' title='bbox 3734 2696 3843 2744; x_wconf 89' lang='lat' dir='ltr'>enim</span> 
     </span>
     <span class='ocr_line' id='line_1_78' title="bbox 2302 2786 3845 2854; baseline 0.001 -18"><span class='ocrx_word' id='word_1_615' title='bbox 2302 2789 2321 2854; x_wconf 95' lang='lat'><strong>[</strong></span> <span class='ocrx_word' id='word_1_616' title='bbox 2343 2788 2616 2852; x_wconf 82' lang='lat' dir='ltr'>Leochare]</span> <span class='ocrx_word' id='word_1_617' title='bbox 2650 2791 2704 2839; x_wconf 90' lang='lat' dir='ltr'>ut</span> <span class='ocrx_word' id='word_1_618' title='bbox 2730 2802 2958 2851; x_wconf 85' lang='lat' dir='ltr'>sponsore</span> <span class='ocrx_word' id='word_1_619' title='bbox 3000 2788 3158 2851; x_wconf 89' lang='lat' dir='ltr'>ipsum</span> <span class='ocrx_word' id='word_1_620' title='bbox 3199 2786 3646 2853; x_wconf 77' lang='lat' dir='ltr'>[Protarciiidem]</span> <span class='ocrx_word' id='word_1_621' title='bbox 3680 2790 3845 2851; x_wconf 76' lang='lat' dir='ltr'>partem</span> 
     </span>
     <span class='ocr_line' id='line_1_79' title="bbox 2302 2879 3847 2941; baseline 0 -11"><span class='ocrx_word' id='word_1_622' title='bbox 2302 2880 2577 2931; x_wconf 79' lang='lat' dir='ltr'>hereditatis</span> <span class='ocrx_word' id='word_1_623' title='bbox 2599 2880 2737 2928; x_wconf 84' lang='lat' dir='ltr'>uxori</span> <span class='ocrx_word' id='word_1_624' title='bbox 2761 2880 2867 2941; x_wconf 73' lang='lat' dir='ltr'>eius</span> <span class='ocrx_word' id='word_1_625' title='bbox 2884 2879 3093 2929; x_wconf 66' lang='lat' dir='ltr'>debitam</span> <span class='ocrx_word' id='word_1_626' title='bbox 3117 2880 3392 2929; x_wconf 76' lang='lat' dir='ltr'>ablaturum</span> <span class='ocrx_word' id='word_1_627' title='bbox 3411 2892 3534 2930; x_wconf 58' lang='lat' dir='ltr'>esse.</span> <span class='ocrx_word' id='word_1_628' title='bbox 3554 2883 3732 2931; x_wconf 76' lang='lat' dir='ltr'>Nactus</span> <span class='ocrx_word' id='word_1_629' title='bbox 3747 2894 3847 2930; x_wconf 86' lang='lat' dir='ltr'>vero</span> 
     </span>
     <span class='ocr_line' id='line_1_80' title="bbox 2305 2970 3848 3033; baseline -0.001 -12"><span class='ocrx_word' id='word_1_630' title='bbox 2305 2973 2565 3022; x_wconf 79' lang='lat' dir='ltr'>Leochares</span> <span class='ocrx_word' id='word_1_631' title='bbox 2592 2972 2795 3019; x_wconf 81' lang='lat' dir='ltr'>insulam</span> <span class='ocrx_word' id='word_1_632' title='bbox 2823 2970 3099 3020; x_wconf 79' lang='lat' dir='ltr'>hereditatis</span> <span class='ocrx_word' id='word_1_633' title='bbox 3116 2971 3386 3033; x_wconf 87' lang='lat' dir='ltr'>portionem</span> <span class='ocrx_word' id='word_1_634' title='bbox 3404 2983 3504 3019; x_wconf 89' lang='lat' dir='ltr'>non</span> <span class='ocrx_word' id='word_1_635' title='bbox 3526 2970 3747 3032; x_wconf 77' lang='lat' dir='ltr'><strong>tradidit,</strong></span> <span class='ocrx_word' id='word_1_636' title='bbox 3772 2983 3848 3019; x_wconf 74' lang='lat' dir='ltr'>en-</span> 
     </span>
    </p>
   </div>
   <div class='ocr_carea' id='block_1_21' title="bbox 2267 3061 3557 3127">
    <p class='ocr_par' dir='ltr' id='par_1_21' title="bbox 2267 3061 3557 3127">
     <span class='ocr_line' id='line_1_81' title="bbox 2267 3061 3557 3127; baseline 0.001 -15"><span class='ocrx_word' id='word_1_637' title='bbox 2267 3072 2268 3087; x_wconf 63' lang='lat'><em>*</em></span> <span class='ocrx_word' id='word_1_638' title='bbox 2305 3078 2401 3127; x_wconf 88' lang='lat' dir='ltr'>que</span> <span class='ocrx_word' id='word_1_639' title='bbox 2421 3064 2483 3112; x_wconf 90' lang='lat' dir='ltr'>de</span> <span class='ocrx_word' id='word_1_640' title='bbox 2503 3077 2554 3113; x_wconf 91' lang='lat' dir='ltr'>re</span> <span class='ocrx_word' id='word_1_641' title='bbox 2572 3066 2744 3112; x_wconf 87' lang='lat' dir='ltr'>testem</span> <span class='ocrx_word' id='word_1_642' title='bbox 2763 3063 3119 3112; x_wconf 78' lang='lat' dir='ltr'>Protarcbidem</span> <span class='ocrx_word' id='word_1_643' title='bbox 3136 3062 3275 3112; x_wconf 79' lang='lat' dir='ltr'>vobis</span> <span class='ocrx_word' id='word_1_644' title='bbox 3294 3061 3557 3113; x_wconf 74' lang='lat' dir='ltr'>exhibebo.</span> 
     </span>
    </p>
   </div>
   <div class='ocr_carea' id='block_1_22' title="bbox 2971 3196 3189 3238">
    <p class='ocr_par' dir='ltr' id='par_1_22' title="bbox 2971 3196 3189 3238">
     <span class='ocr_line' id='line_1_82' title="bbox 2971 3196 3189 3238; baseline -0.005 -1"><span class='ocrx_word' id='word_1_645' title='bbox 2971 3196 3189 3238; x_wconf 69' lang='lat' dir='ltr'>usus·</span> 
     </span>
    </p>
   </div>
   <div class='ocr_carea' id='block_1_23' title="bbox 2299 3310 3928 4023">
    <p class='ocr_par' dir='ltr' id='par_1_23' title="bbox 2299 3310 3928 4023">
     <span class='ocr_line' id='line_1_83' title="bbox 2367 3310 3859 3374; baseline -0.001 -14"><span class='ocrx_word' id='word_1_646' title='bbox 2367 3318 2443 3360; x_wconf 81' lang='lat'>28.</span> <span class='ocrx_word' id='word_1_647' title='bbox 2461 3314 2533 3361; x_wconf 90' lang='lat' dir='ltr'>De</span> <span class='ocrx_word' id='word_1_648' title='bbox 2546 3312 2843 3374; x_wconf 78' lang='lat' dir='ltr'>reparatione</span> <span class='ocrx_word' id='word_1_649' title='bbox 2859 3312 3015 3362; x_wconf 68' lang='lat' dir='ltr'>balnei</span> <span class='ocrx_word' id='word_1_650' title='bbox 3036 3314 3198 3362; x_wconf 84' lang='lat' dir='ltr'>autem</span> <span class='ocrx_word' id='word_1_651' title='bbox 3214 3314 3261 3362; x_wconf 86' lang='lat' dir='ltr'>et</span> <span class='ocrx_word' id='word_1_652' title='bbox 3273 3310 3721 3362; x_wconf 50' lang='lat' dir='ltr'>aedificationibus&amp;</span> <span class='ocrx_word' id='word_1_653' title='bbox 3735 3323 3859 3361; x_wconf 80' lang='lat' dir='ltr'>nnnc</span> 
     </span>
     <span class='ocr_line' id='line_1_84' title="bbox 2306 3387 3861 3451; baseline 0.001 -16"><span class='ocrx_word' id='word_1_654' title='bbox 2306 3401 2498 3450; x_wconf 88' lang='lat' dir='ltr'>quoque</span> <span class='ocrx_word' id='word_1_655' title='bbox 2515 3389 2723 3450; x_wconf 82' lang='lat' dir='ltr'>proferet</span> <span class='ocrx_word' id='word_1_656' title='bbox 2743 3388 2912 3438; x_wconf 81' lang='lat' dir='ltr'>eadem</span> <span class='ocrx_word' id='word_1_657' title='bbox 2933 3402 3045 3450; x_wconf 79' lang='lat' dir='ltr'>quae</span> <span class='ocrx_word' id='word_1_658' title='bbox 3060 3387 3345 3450; x_wconf 82' lang='lat' dir='ltr'>jamdudum</span> <span class='ocrx_word' id='word_1_659' title='bbox 3376 3389 3639 3451; x_wconf 73' lang='lat' dir='ltr'>proetendit</span> <span class='ocrx_word' id='word_1_660' title='bbox 3653 3425 3668 3449; x_wconf 87' lang='lat'>,</span> <span class='ocrx_word' id='word_1_661' title='bbox 3688 3402 3772 3438; x_wconf 76' lang='lat' dir='ltr'>nos</span> <span class='ocrx_word' id='word_1_662' title='bbox 3785 3388 3861 3437; x_wconf 84' lang='lat' dir='ltr'>ni·</span> 
     </span>
     <span class='ocr_line' id='line_1_85' title="bbox 2306 3465 3871 3531; baseline 0.001 -18"><span class='ocrx_word' id='word_1_663' title='bbox 2306 3465 2483 3514; x_wconf 87' lang='lat' dir='ltr'>mirum</span> <span class='ocrx_word' id='word_1_664' title='bbox 2498 3502 2514 3526; x_wconf 89' lang='lat'><em>,</em></span> <span class='ocrx_word' id='word_1_665' title='bbox 2539 3479 2660 3527; x_wconf 89' lang='lat' dir='ltr'>quos</span> <span class='ocrx_word' id='word_1_666' title='bbox 2681 3466 2723 3515; x_wconf 90' lang='lat' dir='ltr'>ei</span> <span class='ocrx_word' id='word_1_667' title='bbox 2741 3471 2963 3529; x_wconf 79' lang='lat' dir='ltr'>sumptus</span> <span class='ocrx_word' id='word_1_668' title='bbox 2978 3468 3130 3516; x_wconf 81' lang='lat' dir='ltr'>factos</span> <span class='ocrx_word' id='word_1_669' title='bbox 3147 3465 3469 3516; x_wconf 75' lang='lat' dir='ltr'>retundendos</span> <span class='ocrx_word' id='word_1_670' title='bbox 3492 3468 3871 3531; x_wconf 74' lang='lat' dir='ltr'>recepissetnins,</span> 
     </span>
     <span class='ocr_line' id='line_1_86' title="bbox 2304 3546 3891 3609; baseline 0.002 -16"><span class='ocrx_word' id='word_1_671' title='bbox 2304 3558 2384 3593; x_wconf 90' lang='lat' dir='ltr'>eos</span> <span class='ocrx_word' id='word_1_672' title='bbox 2402 3559 2496 3594; x_wconf 91' lang='lat' dir='ltr'>non</span> <span class='ocrx_word' id='word_1_673' title='bbox 2513 3546 2742 3595; x_wconf 78' lang='lat' dir='ltr'>refudisse</span> <span class='ocrx_word' id='word_1_674' title='bbox 2756 3583 2768 3606; x_wconf 91' lang='lat'><em>,</em></span> <span class='ocrx_word' id='word_1_675' title='bbox 2789 3550 2838 3596; x_wconf 88' lang='lat' dir='ltr'>et</span> <span class='ocrx_word' id='word_1_676' title='bbox 2861 3548 3110 3609; x_wconf 82' lang='lat' dir='ltr'>propterea</span> <span class='ocrx_word' id='word_1_677' title='bbox 3131 3560 3182 3595; x_wconf 87' lang='lat' dir='ltr'>se</span> <span class='ocrx_word' id='word_1_678' title='bbox 3200 3559 3294 3595; x_wconf 92' lang='lat' dir='ltr'>non</span> <span class='ocrx_word' id='word_1_679' title='bbox 3314 3546 3532 3608; x_wconf 86' lang='lat' dir='ltr'>potuisse</span> <span class='ocrx_word' id='word_1_680' title='bbox 3551 3548 3891 3598; x_wconf 72' lang='lat' dir='ltr'>creditoribus</span> 
     </span>
     <span class='ocr_line' id='line_1_87' title="bbox 2303 3628 3901 3694; baseline 0.003 -17"><span class='ocrx_word' id='word_1_681' title='bbox 2303 3628 2586 3690; x_wconf 77' lang='lat' dir='ltr'>satisfacere,</span> <span class='ocrx_word' id='word_1_682' title='bbox 2595 3629 2799 3691; x_wconf 88' lang='lat' dir='ltr'>ideoque</span> <span class='ocrx_word' id='word_1_683' title='bbox 2810 3630 2948 3678; x_wconf 78' lang='lat' dir='ltr'>nobis</span> <span class='ocrx_word' id='word_1_684' title='bbox 2959 3643 3154 3692; x_wconf 90' lang='lat' dir='ltr'>quoque</span> <span class='ocrx_word' id='word_1_685' title='bbox 3163 3642 3219 3679; x_wconf 77' lang='lat' dir='ltr'>ea</span> <span class='ocrx_word' id='word_1_686' title='bbox 3229 3643 3327 3678; x_wconf 93' lang='lat' dir='ltr'>non</span> <span class='ocrx_word' id='word_1_687' title='bbox 3338 3631 3554 3692; x_wconf 77' lang='lat' dir='ltr'>potuisse</span> <span class='ocrx_word' id='word_1_688' title='bbox 3562 3631 3748 3680; x_wconf 71' lang='lat' dir='ltr'>trudere</span> <span class='ocrx_word' id='word_1_689' title='bbox 3756 3642 3901 3694; x_wconf 71' lang='lat' dir='ltr'>que</span> 
     </span>
     <span class='ocr_line' id='line_1_88' title="bbox 2301 3710 3915 3775; baseline 0.002 -17"><span class='ocrx_word' id='word_1_690' title='bbox 2301 3710 2523 3761; x_wconf 81' lang='lat' dir='ltr'>deberet:</span> <span class='ocrx_word' id='word_1_691' title='bbox 2542 3725 2790 3759; x_wconf 80' lang='lat' dir='ltr'>occurram</span> <span class='ocrx_word' id='word_1_692' title='bbox 2810 3713 2854 3760; x_wconf 88' lang='lat' dir='ltr'>ei</span> <span class='ocrx_word' id='word_1_693' title='bbox 2876 3712 2963 3760; x_wconf 90' lang='lat' dir='ltr'>sic.</span> <span class='ocrx_word' id='word_1_694' title='bbox 2989 3712 3087 3772; x_wconf 83' lang='lat'>(29)</span> <span class='ocrx_word' id='word_1_695' title='bbox 3102 3714 3211 3768; x_wconf 90' lang='lat' dir='ltr'>Quo</span> <span class='ocrx_word' id='word_1_696' title='bbox 3225 3713 3461 3775; x_wconf 87' lang='lat' dir='ltr'>tempore,</span> <span class='ocrx_word' id='word_1_697' title='bbox 3483 3712 3690 3775; x_wconf 60' lang='lat' dir='ltr'>judica,</span> <span class='ocrx_word' id='word_1_698' title='bbox 3706 3724 3915 3763; x_wconf 66' lang='lat' dir='ltr'>corun</span> 
     </span>
     <span class='ocr_line' id='line_1_89' title="bbox 2299 3791 3921 3858; baseline 0.002 -16"><span class='ocrx_word' id='word_1_699' title='bbox 2299 3794 2477 3854; x_wconf 85' lang='lat' dir='ltr'>judicio</span> <span class='ocrx_word' id='word_1_700' title='bbox 2495 3807 2608 3843; x_wconf 90' lang='lat' dir='ltr'>eum</span> <span class='ocrx_word' id='word_1_701' title='bbox 2628 3793 2916 3855; x_wconf 86' lang='lat' dir='ltr'>cogebamus</span> <span class='ocrx_word' id='word_1_702' title='bbox 2942 3792 3018 3841; x_wconf 90' lang='lat' dir='ltr'>bis</span> <span class='ocrx_word' id='word_1_703' title='bbox 3037 3792 3099 3842; x_wconf 88' lang='lat' dir='ltr'>de</span> <span class='ocrx_word' id='word_1_704' title='bbox 3122 3791 3260 3842; x_wconf 87' lang='lat' dir='ltr'>bonis</span> <span class='ocrx_word' id='word_1_705' title='bbox 3281 3793 3541 3857; x_wconf 87' lang='lat' dir='ltr'>decedere,</span> <span class='ocrx_word' id='word_1_706' title='bbox 3570 3794 3619 3844; x_wconf 88' lang='lat' dir='ltr'>in</span> <span class='ocrx_word' id='word_1_707' title='bbox 3641 3807 3921 3858; x_wconf 74' lang='lat' dir='ltr'>compen—-</span> 
     </span>
     <span class='ocr_line' id='line_1_90' title="bbox 2301 3876 3927 3939; baseline -0.002 -12"><span class='ocrx_word' id='word_1_708' title='bbox 2301 3880 2532 3927; x_wconf 83' lang='lat' dir='ltr'>sationem</span> <span class='ocrx_word' id='word_1_709' title='bbox 2556 3880 2841 3938; x_wconf 80' lang='lat' dir='ltr'>sumptuum</span> <span class='ocrx_word' id='word_1_710' title='bbox 2865 3876 3044 3937; x_wconf 79' lang='lat' dir='ltr'>abipso</span> <span class='ocrx_word' id='word_1_711' title='bbox 3062 3877 3164 3924; x_wconf 82' lang='lat' dir='ltr'>tam</span> <span class='ocrx_word' id='word_1_712' title='bbox 3186 3876 3234 3924; x_wconf 91' lang='lat' dir='ltr'>in</span> <span class='ocrx_word' id='word_1_713' title='bbox 3252 3889 3458 3926; x_wconf 76' lang='lat' dir='ltr'>munera</span> <span class='ocrx_word' id='word_1_714' title='bbox 3478 3878 3674 3939; x_wconf 74' lang='lat' dir='ltr'>publica</span> <span class='ocrx_word' id='word_1_715' title='bbox 3692 3878 3927 3927; x_wconf 71' lang='lat' dir='ltr'>borum</span> 
     </span>
     <span class='ocr_line' id='line_1_91' title="bbox 2301 3956 3928 4023; baseline -0.001 -14"><span class='ocrx_word' id='word_1_716' title='bbox 2301 3961 2534 4010; x_wconf 89' lang='lat' dir='ltr'>bonorum</span> <span class='ocrx_word' id='word_1_717' title='bbox 2554 3959 2747 4008; x_wconf 88' lang='lat' dir='ltr'>nomine</span> <span class='ocrx_word' id='word_1_718' title='bbox 2764 3972 2908 4020; x_wconf 82' lang='lat' dir='ltr'>quam</span> <span class='ocrx_word' id='word_1_719' title='bbox 2936 3959 2983 4006; x_wconf 92' lang='lat' dir='ltr'>in</span> <span class='ocrx_word' id='word_1_720' title='bbox 3010 3957 3352 4008; x_wconf 69' lang='lat' dir='ltr'>aedificationes</span> <span class='ocrx_word' id='word_1_721' title='bbox 3387 3960 3629 4008; x_wconf 76' lang='lat' dir='ltr'>factorum</span> <span class='ocrx_word' id='word_1_722' title='bbox 3656 3956 3928 4023; x_wconf 56' lang='lat' dir='ltr'>perinfi-</span> 
     </span>
    </p>
   </div>
   <div class='ocr_carea' id='block_1_24' title="bbox 2262 4037 3923 4102">
    <p class='ocr_par' dir='ltr' id='par_1_24' title="bbox 2262 4037 3923 4102">
     <span class='ocr_line' id='line_1_92' title="bbox 2262 4037 3923 4102; baseline 0 -12"><span class='ocrx_word' id='word_1_723' title='bbox 2262 4063 2263 4067; x_wconf 55' lang='lat'><em>=</em></span> <span class='ocrx_word' id='word_1_724' title='bbox 2301 4055 2409 4091; x_wconf 91' lang='lat' dir='ltr'>mus</span> <span class='ocrx_word' id='word_1_725' title='bbox 2426 4042 2492 4091; x_wconf 85' lang='lat' dir='ltr'>illi</span> <span class='ocrx_word' id='word_1_726' title='bbox 2513 4042 2685 4091; x_wconf 84' lang='lat' dir='ltr'>horum</span> <span class='ocrx_word' id='word_1_727' title='bbox 2709 4042 2946 4090; x_wconf 88' lang='lat' dir='ltr'>bonorum</span> <span class='ocrx_word' id='word_1_728' title='bbox 2980 4053 3119 4089; x_wconf 85' lang='lat' dir='ltr'>usum</span> <span class='ocrx_word' id='word_1_729' title='bbox 3144 4042 3383 4100; x_wconf 76' lang='lat' dir='ltr'>fructum,</span> <span class='ocrx_word' id='word_1_730' title='bbox 3402 4040 3645 4102; x_wconf 80' lang='lat' dir='ltr'>judicibus</span> <span class='ocrx_word' id='word_1_731' title='bbox 3664 4043 3732 4090; x_wconf 73' lang='lat' dir='ltr'>it·</span> <span class='ocrx_word' id='word_1_732' title='bbox 3759 4037 3923 4090; x_wconf 63' lang='lat' dir='ltr'>nea-‘³</span> 
     </span>
    </p>
   </div>
   <div class='ocr_carea' id='block_1_25' title="bbox 2300 4118 3919 5201">
    <p class='ocr_par' dir='ltr' id='par_1_25' title="bbox 2300 4118 3919 5123">
     <span class='ocr_line' id='line_1_93' title="bbox 2305 4118 3919 4180; baseline -0.002 -13"><span class='ocrx_word' id='word_1_733' title='bbox 2305 4120 2478 4169; x_wconf 79' lang='lat' dir='ltr'>debere</span> <span class='ocrx_word' id='word_1_734' title='bbox 2499 4119 2801 4169; x_wconf 82' lang='lat' dir='ltr'>censentibus</span> <span class='ocrx_word' id='word_1_735' title='bbox 2827 4137 2839 4167; x_wconf 74' lang='grc' dir='ltr'>ι</span> <span class='ocrx_word' id='word_1_736' title='bbox 2862 4121 3078 4180; x_wconf 85' lang='lat' dir='ltr'>tempore</span> <span class='ocrx_word' id='word_1_737' title='bbox 3111 4120 3276 4167; x_wconf 82' lang='lat' dir='ltr'>autem</span> <span class='ocrx_word' id='word_1_738' title='bbox 3310 4121 3420 4180; x_wconf 83' lang='lat' dir='ltr'>post</span> <span class='ocrx_word' id='word_1_739' title='bbox 3446 4118 3667 4168; x_wconf 77' lang='lat' dir='ltr'>dedimus</span> <span class='ocrx_word' id='word_1_740' title='bbox 3695 4118 3739 4167; x_wconf 73' lang='lat' dir='ltr'>ei</span> <span class='ocrx_word' id='word_1_741' title='bbox 3767 4127 3919 4167; x_wconf 66' lang='lat' dir='ltr'>no-</span> 
     </span>
     <span class='ocr_line' id='line_1_94' title="bbox 2300 4192 3914 4259; baseline -0.002 -14"><span class='ocrx_word' id='word_1_742' title='bbox 2300 4197 2451 4245; x_wconf 80' lang='lat' dir='ltr'>coacti</span> <span class='ocrx_word' id='word_1_743' title='bbox 2466 4233 2480 4257; x_wconf 92' lang='lat'><em>,</em></span> <span class='ocrx_word' id='word_1_744' title='bbox 2495 4196 2579 4246; x_wconf 87' lang='lat' dir='ltr'>sed</span> <span class='ocrx_word' id='word_1_745' title='bbox 2596 4198 2764 4259; x_wconf 85' lang='lat' dir='ltr'>sponte</span> <span class='ocrx_word' id='word_1_746' title='bbox 2780 4198 2941 4245; x_wconf 80' lang='lat' dir='ltr'>nostra</span> <span class='ocrx_word' id='word_1_747' title='bbox 2954 4232 2969 4256; x_wconf 91' lang='lat'>,</span> <span class='ocrx_word' id='word_1_748' title='bbox 2991 4195 3139 4244; x_wconf 83' lang='lat' dir='ltr'>vetuti</span> <span class='ocrx_word' id='word_1_749' title='bbox 3162 4195 3463 4257; x_wconf 79' lang='lat' dir='ltr'>praecipuum</span> <span class='ocrx_word' id='word_1_750' title='bbox 3481 4195 3678 4257; x_wconf 76' lang='lat' dir='ltr'>aliquod</span> <span class='ocrx_word' id='word_1_751' title='bbox 3697 4208 3728 4244; x_wconf 76' lang='lat' dir='ltr'>a</span> <span class='ocrx_word' id='word_1_752' title='bbox 3748 4192 3914 4244; x_wconf 74' lang='lat' dir='ltr'>nen-</span> 
     </span>
     <span class='ocr_line' id='line_1_95' title="bbox 2301 4269 3905 4336; baseline -0.001 -14"><span class='ocrx_word' id='word_1_753' title='bbox 2301 4287 2396 4336; x_wconf 85' lang='lat' dir='ltr'>qua</span> <span class='ocrx_word' id='word_1_754' title='bbox 2419 4286 2572 4322; x_wconf 72' lang='lat' dir='ltr'>massa</span> <span class='ocrx_word' id='word_1_755' title='bbox 2589 4276 2858 4335; x_wconf 81' lang='lat' dir='ltr'>separatum</span> <span class='ocrx_word' id='word_1_756' title='bbox 2873 4307 2888 4333; x_wconf 86' lang='lat'><em>,</em></span> <span class='ocrx_word' id='word_1_757' title='bbox 2915 4272 3118 4321; x_wconf 90' lang='lat' dir='ltr'>domum</span> <span class='ocrx_word' id='word_1_758' title='bbox 3137 4271 3189 4319; x_wconf 91' lang='lat' dir='ltr'>in</span> <span class='ocrx_word' id='word_1_759' title='bbox 3215 4270 3365 4334; x_wconf 86' lang='lat' dir='ltr'>urbe,</span> <span class='ocrx_word' id='word_1_760' title='bbox 3386 4285 3537 4335; x_wconf 70' lang='lat' dir='ltr'>quam</span> <span class='ocrx_word' id='word_1_761' title='bbox 3556 4272 3749 4322; x_wconf 69' lang='lat' dir='ltr'>haberet</span> <span class='ocrx_word' id='word_1_762' title='bbox 3768 4269 3905 4320; x_wconf 68' lang='lat' dir='ltr'>ul-</span> 
     </span>
     <span class='ocr_line' id='line_1_96' title="bbox 2301 4349 3895 4414; baseline -0.004 -13"><span class='ocrx_word' id='word_1_763' title='bbox 2301 4353 2395 4401; x_wconf 87' lang='lat' dir='ltr'>buc</span> <span class='ocrx_word' id='word_1_764' title='bbox 2414 4355 2586 4414; x_wconf 82' lang='lat' dir='ltr'>praeter</span> <span class='ocrx_word' id='word_1_765' title='bbox 2606 4353 2824 4400; x_wconf 83' lang='lat' dir='ltr'>trientem</span> <span class='ocrx_word' id='word_1_766' title='bbox 2845 4350 3123 4399; x_wconf 83' lang='lat' dir='ltr'>hereditatis</span> <span class='ocrx_word' id='word_1_767' title='bbox 3140 4349 3190 4397; x_wconf 87' lang='lat' dir='ltr'>in</span> <span class='ocrx_word' id='word_1_768' title='bbox 3209 4350 3648 4411; x_wconf 80' lang='lat' dir='ltr'>compensationem</span> <span class='ocrx_word' id='word_1_769' title='bbox 3675 4360 3895 4412; x_wconf 73' lang='lat' dir='ltr'>repan-</span> 
     </span>
     <span class='ocr_line' id='line_1_97' title="bbox 2301 4425 3886 4491; baseline -0.003 -13"><span class='ocrx_word' id='word_1_770' title='bbox 2301 4433 2519 4478; x_wconf 81' lang='lat' dir='ltr'>turarnm</span> <span class='ocrx_word' id='word_1_771' title='bbox 2531 4467 2546 4490; x_wconf 88' lang='lat'><strong>,</strong></span> <span class='ocrx_word' id='word_1_772' title='bbox 2562 4442 2805 4491; x_wconf 83' lang='lat' dir='ltr'>quamque</span> <span class='ocrx_word' id='word_1_773' title='bbox 2820 4428 3124 4489; x_wconf 83' lang='lat' dir='ltr'>Dicaeogenes</span> <span class='ocrx_word' id='word_1_774' title='bbox 3137 4426 3388 4476; x_wconf 82' lang='lat' dir='ltr'>Philonico</span> <span class='ocrx_word' id='word_1_775' title='bbox 3407 4428 3747 4490; x_wconf 72' lang='lat' dir='ltr'>quinquaginta</span> <span class='ocrx_word' id='word_1_776' title='bbox 3766 4425 3886 4475; x_wconf 80' lang='lat' dir='ltr'>mi·</span> 
     </span>
     <span class='ocr_line' id='line_1_98' title="bbox 2301 4501 3872 4568; baseline -0.002 -13"><span class='ocrx_word' id='word_1_777' title='bbox 2301 4508 2374 4555; x_wconf 82' lang='lat' dir='ltr'>nis</span> <span class='ocrx_word' id='word_1_778' title='bbox 2398 4505 2626 4555; x_wconf 76' lang='lat' dir='ltr'>vendidit.</span> <span class='ocrx_word' id='word_1_779' title='bbox 2694 4506 2791 4568; x_wconf 82' lang='lat'>(30)</span> <span class='ocrx_word' id='word_1_780' title='bbox 2828 4504 3055 4554; x_wconf 81' lang='lat' dir='ltr'>Dedimus</span> <span class='ocrx_word' id='word_1_781' title='bbox 3088 4507 3250 4552; x_wconf 81' lang='lat' dir='ltr'>autem</span> <span class='ocrx_word' id='word_1_782' title='bbox 3282 4517 3372 4553; x_wconf 84' lang='lat' dir='ltr'>nos</span> <span class='ocrx_word' id='word_1_783' title='bbox 3391 4504 3525 4552; x_wconf 65' lang='lat' dir='ltr'>ilium</span> <span class='ocrx_word' id='word_1_784' title='bbox 3551 4503 3746 4552; x_wconf 86' lang='lat' dir='ltr'>domum</span> <span class='ocrx_word' id='word_1_785' title='bbox 3766 4501 3872 4552; x_wconf 71' lang='lat' dir='ltr'>De·-</span> 
     </span>
     <span class='ocr_line' id='line_1_99' title="bbox 2302 4582 3865 4647; baseline -0.003 -12"><span class='ocrx_word' id='word_1_786' title='bbox 2302 4584 2508 4647; x_wconf 79' lang='lat' dir='ltr'>coeogeni</span> <span class='ocrx_word' id='word_1_787' title='bbox 2524 4621 2535 4644; x_wconf 90' lang='lat'>,</span> <span class='ocrx_word' id='word_1_788' title='bbox 2553 4584 2761 4646; x_wconf 83' lang='lat' dir='ltr'>judices,</span> <span class='ocrx_word' id='word_1_789' title='bbox 2792 4597 2887 4632; x_wconf 91' lang='lat' dir='ltr'>non</span> <span class='ocrx_word' id='word_1_790' title='bbox 2914 4584 2979 4633; x_wconf 89' lang='lat' dir='ltr'>ob</span> <span class='ocrx_word' id='word_1_791' title='bbox 3006 4584 3134 4633; x_wconf 87' lang='lat' dir='ltr'>illius</span> <span class='ocrx_word' id='word_1_792' title='bbox 3156 4583 3446 4645; x_wconf 78' lang='lat' dir='ltr'>probitatem</span> <span class='ocrx_word' id='word_1_793' title='bbox 3460 4620 3475 4644; x_wconf 91' lang='lat'>,</span> <span class='ocrx_word' id='word_1_794' title='bbox 3495 4582 3577 4633; x_wconf 86' lang='lat' dir='ltr'>sed</span> <span class='ocrx_word' id='word_1_795' title='bbox 3599 4597 3697 4646; x_wconf 83' lang='lat' dir='ltr'>quo</span> <span class='ocrx_word' id='word_1_796' title='bbox 3712 4583 3865 4632; x_wconf 67' lang='lat' dir='ltr'>testa·</span> 
     </span>
     <span class='ocr_line' id='line_1_100' title="bbox 2303 4665 3855 4729; baseline -0.004 -11"><span class='ocrx_word' id='word_1_797' title='bbox 2303 4673 2406 4719; x_wconf 89' lang='lat' dir='ltr'>tum</span> <span class='ocrx_word' id='word_1_798' title='bbox 2427 4671 2690 4718; x_wconf 78' lang='lat' dir='ltr'>taceremus</span> <span class='ocrx_word' id='word_1_799' title='bbox 2715 4668 2906 4717; x_wconf 78' lang='lat' dir='ltr'>divitias</span> <span class='ocrx_word' id='word_1_800' title='bbox 2926 4681 2953 4716; x_wconf 82' lang='lat' dir='ltr'><strong>a</strong></span> <span class='ocrx_word' id='word_1_801' title='bbox 2972 4667 3109 4716; x_wconf 89' lang='lat' dir='ltr'>nobis</span> <span class='ocrx_word' id='word_1_802' title='bbox 3125 4667 3274 4729; x_wconf 70' lang='lat' dir='ltr'>pluris</span> <span class='ocrx_word' id='word_1_803' title='bbox 3293 4680 3391 4716; x_wconf 90' lang='lat' dir='ltr'>non</span> <span class='ocrx_word' id='word_1_804' title='bbox 3406 4665 3511 4716; x_wconf 84' lang='lat' dir='ltr'>tieri</span> <span class='ocrx_word' id='word_1_805' title='bbox 3529 4679 3673 4728; x_wconf 75' lang='lat' dir='ltr'>quam</span> <span class='ocrx_word' id='word_1_806' title='bbox 3695 4675 3855 4715; x_wconf 68' lang='lat' dir='ltr'>neces·</span> 
     </span>
     <span class='ocr_line' id='line_1_101' title="bbox 2303 4746 3843 4809; baseline 0 -12"><span class='ocrx_word' id='word_1_807' title='bbox 2303 4749 2478 4809; x_wconf 74' lang='lat' dir='ltr'>serios,</span> <span class='ocrx_word' id='word_1_808' title='bbox 2517 4750 2611 4796; x_wconf 89' lang='lat' dir='ltr'>sint</span> <span class='ocrx_word' id='word_1_809' title='bbox 2647 4748 2757 4797; x_wconf 86' lang='lat' dir='ltr'>licet</span> <span class='ocrx_word' id='word_1_810' title='bbox 2790 4759 2937 4808; x_wconf 81' lang='lat' dir='ltr'>quam</span> <span class='ocrx_word' id='word_1_811' title='bbox 2965 4746 3257 4808; x_wconf 78' lang='lat' dir='ltr'>nequissimi.</span> <span class='ocrx_word' id='word_1_812' title='bbox 3323 4748 3448 4795; x_wconf 74' lang='lat' dir='ltr'>Nam</span> <span class='ocrx_word' id='word_1_813' title='bbox 3476 4747 3617 4796; x_wconf 69' lang='lat' dir='ltr'>antea</span> <span class='ocrx_word' id='word_1_814' title='bbox 3639 4753 3843 4807; x_wconf 74' lang='lat' dir='ltr'>quoque·</span> 
     </span>
     <span class='ocr_line' id='line_1_102' title="bbox 2303 4817 3836 4891; baseline -0.003 -14"><span class='ocrx_word' id='word_1_815' title='bbox 2303 4843 2452 4891; x_wconf 86' lang='lat' dir='ltr'>quum</span> <span class='ocrx_word' id='word_1_816' title='bbox 2477 4842 2621 4891; x_wconf 87' lang='lat' dir='ltr'>penes</span> <span class='ocrx_word' id='word_1_817' title='bbox 2643 4842 2730 4876; x_wconf 85' lang='lat' dir='ltr'>nos</span> <span class='ocrx_word' id='word_1_818' title='bbox 2765 4830 2888 4877; x_wconf 87' lang='lat' dir='ltr'>esset</span> <span class='ocrx_word' id='word_1_819' title='bbox 2916 4828 3244 4889; x_wconf 79' lang='lat' dir='ltr'>Dicoeogenem</span> <span class='ocrx_word' id='word_1_820' title='bbox 3267 4825 3437 4875; x_wconf 79' lang='lat' dir='ltr'>ulcisci</span> <span class='ocrx_word' id='word_1_821' title='bbox 3468 4827 3517 4875; x_wconf 80' lang='lat' dir='ltr'>et</span> <span class='ocrx_word' id='word_1_822' title='bbox 3552 4823 3744 4874; x_wconf 71' lang='lat' dir='ltr'>tortunis</span> <span class='ocrx_word' id='word_1_823' title='bbox 3765 4817 3836 4866; x_wconf 65' lang='grc' dir='ltr'>ἀι·-</span> 
     </span>
     <span class='ocr_line' id='line_1_103' title="bbox 2303 4897 3829 4969; baseline -0.003 -13"><span class='ocrx_word' id='word_1_824' title='bbox 2303 4909 2483 4957; x_wconf 84' lang='lat' dir='ltr'>nudare</span> <span class='ocrx_word' id='word_1_825' title='bbox 2516 4909 2765 4969; x_wconf 89' lang='lat' dir='ltr'>omnibus,</span> <span class='ocrx_word' id='word_1_826' title='bbox 2802 4910 2966 4955; x_wconf 79' lang='lat' dir='ltr'>tamen</span> <span class='ocrx_word' id='word_1_827' title='bbox 2989 4905 3231 4955; x_wconf 75' lang='lat' dir='ltr'>notuimus</span> <span class='ocrx_word' id='word_1_828' title='bbox 3263 4906 3502 4956; x_wconf 83' lang='lat' dir='ltr'>bonorum</span> <span class='ocrx_word' id='word_1_829' title='bbox 3518 4907 3620 4967; x_wconf 77' lang='lat' dir='ltr'>ejus</span> <span class='ocrx_word' id='word_1_830' title='bbox 3646 4897 3829 4952; x_wconf 75' lang='lat' dir='ltr'>uihnb</span> 
     </span>
     <span class='ocr_line' id='line_1_104' title="bbox 2305 4982 3817 5046; baseline -0.001 -13"><span class='ocrx_word' id='word_1_831' title='bbox 2305 4989 2489 5046; x_wconf 83' lang='lat' dir='ltr'>partem</span> <span class='ocrx_word' id='word_1_832' title='bbox 2506 4986 2732 5033; x_wconf 78' lang='lat' dir='ltr'>invadere</span> <span class='ocrx_word' id='word_1_833' title='bbox 2745 5019 2758 5041; x_wconf 88' lang='lat'>,</span> <span class='ocrx_word' id='word_1_834' title='bbox 2779 4983 2861 5032; x_wconf 86' lang='lat' dir='ltr'>sed</span> <span class='ocrx_word' id='word_1_835' title='bbox 2875 4983 2991 5032; x_wconf 82' lang='lat' dir='ltr'>satis</span> <span class='ocrx_word' id='word_1_836' title='bbox 3006 4982 3261 5031; x_wconf 81' lang='lat' dir='ltr'>habuimus</span> <span class='ocrx_word' id='word_1_837' title='bbox 3278 4995 3367 5032; x_wconf 79' lang='lat' dir='ltr'>nos</span> <span class='ocrx_word' id='word_1_838' title='bbox 3384 4986 3545 5033; x_wconf 71' lang='lat' dir='ltr'>nostr·</span> <span class='ocrx_word' id='word_1_839' title='bbox 3560 4984 3817 5043; x_wconf 57' lang='lat' dir='ltr'>temporin-</span> 
     </span>
     <span class='ocr_line' id='line_1_105' title="bbox 2304 5052 3811 5123; baseline -0.002 -13"><span class='ocrx_word' id='word_1_840' title='bbox 2304 5062 2389 5112; x_wconf 85' lang='lat' dir='ltr'>llle</span> <span class='ocrx_word' id='word_1_841' title='bbox 2415 5065 2579 5110; x_wconf 79' lang='lat' dir='ltr'>contra</span> <span class='ocrx_word' id='word_1_842' title='bbox 2596 5063 2810 5123; x_wconf 87' lang='lat' dir='ltr'>superior</span> <span class='ocrx_word' id='word_1_843' title='bbox 2826 5062 2979 5109; x_wconf 78' lang='lat' dir='ltr'>sactus</span> <span class='ocrx_word' id='word_1_844' title='bbox 2991 5072 3313 5121; x_wconf 70' lang='lat' dir='ltr'>quaecumque</span> <span class='ocrx_word' id='word_1_845' title='bbox 3327 5062 3485 5121; x_wconf 85' lang='lat' dir='ltr'>potuit</span> <span class='ocrx_word' id='word_1_846' title='bbox 3499 5058 3631 5108; x_wconf 80' lang='lat' dir='ltr'>nobis</span> <span class='ocrx_word' id='word_1_847' title='bbox 3648 5052 3811 5116; x_wconf 68' lang='grc' dir='ltr'>αἰνῦῖί</span> 
     </span>
    </p>

    <p class='ocr_par' dir='ltr' id='par_1_26' title="bbox 2305 5130 3816 5201">
     <span class='ocr_line' id='line_1_106' title="bbox 2305 5130 3816 5201; baseline -0.007 -11"><span class='ocrx_word' id='word_1_848' title='bbox 2305 5144 2354 5190; x_wconf 87' lang='lat' dir='ltr'>et</span> <span class='ocrx_word' id='word_1_849' title='bbox 2378 5141 2682 5201; x_wconf 77' lang='lat' dir='ltr'>pessumdare</span> <span class='ocrx_word' id='word_1_850' title='bbox 2697 5154 2783 5188; x_wconf 88' lang='lat' dir='ltr'>nos</span> <span class='ocrx_word' id='word_1_851' title='bbox 2803 5140 2986 5188; x_wconf 79' lang='lat' dir='ltr'>laborat</span> <span class='ocrx_word' id='word_1_852' title='bbox 3006 5150 3100 5186; x_wconf 91' lang='lat' dir='ltr'>non</span> <span class='ocrx_word' id='word_1_853' title='bbox 3122 5140 3178 5186; x_wconf 89' lang='lat' dir='ltr'>ut</span> <span class='ocrx_word' id='word_1_854' title='bbox 3196 5140 3442 5200; x_wconf 73' lang='lat' dir='ltr'>cognatos,</span> <span class='ocrx_word' id='word_1_855' title='bbox 3461 5137 3544 5188; x_wconf 82' lang='lat' dir='ltr'>sed</span> <span class='ocrx_word' id='word_1_856' title='bbox 3560 5139 3612 5186; x_wconf 88' lang='lat' dir='ltr'>ut</span> <span class='ocrx_word' id='word_1_857' title='bbox 3640 5130 3816 5183; x_wconf 69' lang='lat' dir='ltr'>inimicus</span> 
     </span>
    </p>
   </div>
   <div class='ocr_carea' id='block_1_26' title="bbox 2265 5215 3809 5292">
    <p class='ocr_par' dir='ltr' id='par_1_27' title="bbox 2265 5215 3809 5292">
     <span class='ocr_line' id='line_1_107' title="bbox 2265 5215 3809 5292; baseline -0.012 -21"><span class='ocrx_word' id='word_1_858' title='bbox 2265 5284 2268 5292; x_wconf 20' lang='lat' dir='ltr'><strong>W</strong></span> <span class='ocrx_word' id='word_1_859' title='bbox 2306 5222 2538 5270; x_wconf 86' lang='lat' dir='ltr'>homines.</span> <span class='ocrx_word' id='word_1_860' title='bbox 2564 5222 2663 5282; x_wconf 79' lang='lat'>(31)</span> <span class='ocrx_word' id='word_1_861' title='bbox 2687 5221 2986 5268; x_wconf 71' lang='lat' dir='ltr'>proferemus</span> <span class='ocrx_word' id='word_1_862' title='bbox 3010 5217 3205 5267; x_wconf 74' lang='lat' dir='ltr'>evidens</span> <span class='ocrx_word' id='word_1_863' title='bbox 3228 5217 3575 5266; x_wconf 83' lang='lat' dir='ltr'>documentum</span> <span class='ocrx_word' id='word_1_864' title='bbox 3596 5215 3641 5264; x_wconf 86' lang='lat' dir='ltr'>et</span> <span class='ocrx_word' id='word_1_865' title='bbox 3660 5215 3809 5261; x_wconf 80' lang='lat' dir='ltr'>morum</span> 
     </span>
    </p>
   </div>
   <div class='ocr_carea' id='block_1_27' title="bbox 2305 5281 3818 5442">
    <p class='ocr_par' dir='ltr' id='par_1_28' title="bbox 2305 5281 3818 5437">
     <span class='ocr_line' id='line_1_108' title="bbox 2305 5281 3818 5364; baseline -0.009 -11"><span class='ocrx_word' id='word_1_866' title='bbox 2305 5306 2575 5353; x_wconf 85' lang='lat' dir='ltr'>nostrorum</span> <span class='ocrx_word' id='word_1_867' title='bbox 2592 5307 2640 5353; x_wconf 90' lang='lat' dir='ltr'>et</span> <span class='ocrx_word' id='word_1_868' title='bbox 2659 5304 2802 5364; x_wconf 72' lang='lat' dir='ltr'>buius</span> <span class='ocrx_word' id='word_1_869' title='bbox 2816 5303 2903 5350; x_wconf 79' lang='lat' dir='ltr'>viri</span> <span class='ocrx_word' id='word_1_870' title='bbox 2922 5301 3169 5364; x_wconf 81' lang='lat' dir='ltr'>nequitiae.</span> <span class='ocrx_word' id='word_1_871' title='bbox 3192 5302 3248 5349; x_wconf 83' lang='lat' dir='ltr'>In</span> <span class='ocrx_word' id='word_1_872' title='bbox 3262 5311 3320 5348; x_wconf 86' lang='lat' dir='ltr'>eo</span> <span class='ocrx_word' id='word_1_873' title='bbox 3343 5313 3496 5363; x_wconf 82' lang='lat' dir='ltr'>quum</span> <span class='ocrx_word' id='word_1_874' title='bbox 3518 5300 3633 5348; x_wconf 78' lang='lat' dir='ltr'>esset</span> <span class='ocrx_word' id='word_1_875' title='bbox 3653 5281 3818 5342; x_wconf 69' lang='lat' dir='ltr'>actiou&#39;·</span> 
     </span>
     <span class='ocr_line' id='line_1_109' title="bbox 2313 5376 3809 5442; baseline -0.008 -5"><span class='ocrx_word' id='word_1_876' title='bbox 2313 5400 2479 5437; x_wconf 57' lang='lat' dir='ltr'>sersus</span> <span class='ocrx_word' id='word_1_877' title='bbox 2497 5387 2785 5437; x_wconf 81' lang='lat' dir='ltr'>Leocharem</span> <span class='ocrx_word' id='word_1_878' title='bbox 2813 5387 2869 5435; x_wconf 86' lang='lat' dir='ltr'>ut</span> <span class='ocrx_word' id='word_1_879' title='bbox 2896 5384 2945 5433; x_wconf 91' lang='lat' dir='ltr'>in</span> <span class='ocrx_word' id='word_1_880' title='bbox 2973 5382 3181 5434; x_wconf 75' lang='lat' dir='ltr'>tribunal</span> <span class='ocrx_word' id='word_1_881' title='bbox 3202 5382 3477 5442; x_wconf 80' lang='lat' dir='ltr'>inferretur,</span> <span class='ocrx_word' id='word_1_882' title='bbox 3496 5390 3648 5430; x_wconf 75' lang='lat' dir='ltr'>meuse</span> <span class='ocrx_word' id='word_1_883' title='bbox 3666 5376 3809 5425; x_wconf 56' lang='lat' dir='ltr'>him*</span> 
     </span>
    </p>
   </div>
  </div>
 </body>
</html>
