4467 6542
344 692 380 743 {g
875 678 1128 737 ΛΝἹῚΦΩΝΤΟΣ
1150 680 1313 741 'sulcen
1336 683 1367 752 Β,
1389 682 1412 738 θ.

342 812 494 891 ἀτυχήμασι
507 813 558 868 τῶν
572 808 761 889 ἀτρεμιζόντων
775 808 929 888 περιπεσών.
958 808 990 867 Ὁ
1005 807 1051 883 μὲν
1066 806 1116 887 γὰρ
1166 821 1227 867 ttarn
1240 819 1698 883 sinemointeliconjecturnvenisset,
1713 821 1900 883 intortorloculi
1913 823 1946 872 nil

301 916 327 955 su
342 900 414 981 οὶρεὶς
421 898 493 956 οὐδέν
506 897 537 955 ἂν
547 896 649 975 ἥμαρτε
660 896 766 970 μηδενὸς
775 896 825 953 ὑπὸ
834 894 863 953 τδ
872 895 945 974 βέλος
955 894 1115 961 ὑπελθόντος·
1165 911 1298 969 peccasset,
1311 910 1336 957 ei
1351 910 1401 970 ipse
1412 921 1480 970 puer,
1492 909 1558 957 stans
1569 921 1624 956 cum
1640 908 1739 969 reliquis
1755 908 1946 970 spectatoribus,

1794 683 1937 761 (su-m)

343 986 418 1051 αὐτὸς
432 985 454 1043 δ’
466 988 512 1042 οὐκ
524 984 555 1042 διν
570 983 668 1054 editor
684 982 750 1057 μετὰ
764 986 814 1040 τῶν
830 982 964 1059 θεωμένων
980 983 1067 1049 ἑστώς.
1087 986 1118 1059 (ο)
1164 994 1387 1044 ictusnonluisset.
1421 994 1455 1055 (c)
1468 993 1538 1052 Quod
1550 996 1631 1043 nutem
1646 993 1711 1044 tilius
1722 1007 1791 1044 meus
1799 1008 1849 1043 non
1858 996 1946 1058 magis,

342 1074 390 1138 Ὡς
398 1073 419 1130 δ’
429 1074 529 1137 οὐδενὸς
537 1073 635 1146 μᾶλλον
645 1074 694 1127 τῶν
704 1069 935 1137 συνακοντιζόντων
946 1069 1054 1148 μέτοχός
1064 1073 1120 1128 ἐστι
1164 1095 1237 1142 quam
1258 1083 1321 1130 ullus
1335 1082 1397 1131 alius
1405 1081 1556 1143 iaculationis
1571 1081 1706 1140 sociorum,
1720 1080 1793 1131 coedis
1809 1082 1884 1143 hujus
1895 1096 1947 1144 per·

340 1166 387 1218 τοῦ
402 1158 611 1239 piramidem.
644 1160 676 1216 Εἰ
692 1154 838 1235 γδρδιθτδ
852 1161 940 1214 τοῦτον
954 1158 1120 1224 ἀκοντίζεινό
1165 1169 1238 1231 ticeps
1249 1169 1448 1230 sit,sicdocebc.
1481 1169 1506 1219 si
1521 1168 1900 1231 propteree,quodbicjucrrlum
1913 1172 1946 1219 in·

342 1249 403 1313 παῖς
418 1246 544 1318 ἀπέθανε,
566 1246 659 1310 πάντες
678 1243 709 1301 ἂν
724 1246 748 1301 οἱ
765 1246 977 1319 συμμελετῶντες
997 1244 1121 1322 συμπρά-
1164 1257 1246 1318 torsit,
1259 1271 1318 1320 puer
1325 1257 1584 1318 cecidisset,debcrent
1593 1256 1678 1318 reliqui
1694 1270 1778 1307 omncs
1790 1258 1946 1307 exercitatio-

342 1358 430 1414 κτορες
444 1335 535 1406 εἴησαν
549 1338 594 1403 τῆς
609 1331 701 1397 αἰτίας·
711 1323 782 1389 οὗτοι
795 1331 845 1411 *sip
859 1334 887 1390 οὗ
903 1331 946 1390 δεδι
955 1332 984 1389 τδ
996 1330 1033 1408 μὴ
1044 1337 1120 1390 ἀκον-

341 1422 419 1492 τίζειν
440 1426 487 1481 οὐκ
508 1421 601 1480 έόαλον
616 1418 702 1490 αὐτόν,
722 1417 791 1476 ἀλλὰ
810 1418 852 1476 διὰ
867 1417 898 1477 τὸ
918 1419 1009 1495 μηδενί
1023 1419 1073 1476 ὑπὸ
1091 1418 1121 1476 τὸ

343 1510 460 1569 ἀκόντιον
475 1510 601 1566 ὑπελθεῖν·
619 1506 671 1565 δδὲ
686 1505 818 1570 νεανίσκος
836 1505 907 1562 οὐδὲν
920 1505 1041 1581 περισσόν
1056 1503 1119 1563 τού-

303 1620 328 1657 ss
343 1622 394 1656 των
405 1595 539 1676 ἁμαρτών,
550 1595 643 1672 ὁμοίοις
653 1594 750 1659 τούτοις
761 1594 808 1651 οὐκ
818 1593 849 1650 ἂν
862 1591 955 1649 έόαλεν
966 1591 1041 1649 αὐτὸν
1050 1591 1122 1671 άτρέ·

343 1708 381 1759 μα
396 1684 441 1743 σὺν
456 1688 508 1749 τοῖς
522 1681 657 1757 θεωμένοις
675 1684 786 1739 ἑστῶτα.
831 1683 862 1756 (7)
878 1677 959 1739 Ἐστι
976 1679 1003 1736 δὲ
1019 1679 1122 1737 οὐδὲτὸ

342 1773 487 1852 ἁμάρτημα
508 1776 552 1829 τοῦ
568 1770 659 1835 παιδὸς
676 1767 765 1844 μόνον,
781 1766 849 1824 ἀλλὰ
864 1767 907 1824 καὶ
921 1771 938 1836 ἡ
954 1766 1122 1841 &quinimmo

342 1857 451 1938 μὲνγὰρ
467 1858 559 1916 οὐδένα
580 1861 646 1937 δρῶν
667 1854 836 1934 διατρέχοντα
857 1858 913 1919 πῶς
929 1852 960 1910 ἂν
977 1852 1122 1933 ἐφυλάξατο

343 1946 442 2022 μηδένα
457 1948 560 2024 βαλεῖν;
574 1948 588 2003 ό
602 1944 624 2002 δ’
636 1942 698 2002 ἰδὼν
712 1940 770 2008 τοὺς
782 1940 959 2009 ἀκοντίζοντας
969 1942 1082 2007 εὐπετῶς
1090 1939 1121 1999 ἂν

343 2033 487 2112 ἐφυλάξατο
500 2032 597 2109 μηδένα
617 2033 653 2107 μὴ
673 2031 770 2109 βαλεῖν·
785 2029 843 2099 ἐξῆν
855 2026 907 2107 γάρ
922 2030 993 2107 αὐτῷ
1008 2027 1122 2108 ἀτρέμας

343 2120 458 2178 ἑστάναι.
502 2119 534 2197 (s)
546 2121 598 2179 Τὸν
617 2117 644 2176 ei
658 2117 736 2192 νόμον
749 2115 776 2174 ὃν
788 2115 993 2194 παραρέρουοιν,
1007 2116 1121 2173 ἐπαινεῖν

316 2231 327 2256 ¹¹
343 2208 390 2265 δεῖ·
406 2210 485 2287 ὀρθῶς
498 2208 549 2285 γάρ
563 2206 608 2263 καί
622 2204 727 2269 δικαίως
740 2203 798 2268 τοὺς
812 2202 938 2267 ἀκουσίως
952 2200 1121 2259 ἀποκτείναν-

342 2318 388 2360 τας
399 2294 527 2360 άκουσίοις
541 2293 679 2367 παθήμασι
692 2291 805 2359 κολάζει.
820 2291 859 2349 Τὸ
875 2288 922 2365 μὲν
933 2281 976 2345 οὖν
988 2288 1121 2368 μειράκιον

343 2381 528 2459 ἀναμάρτητον
546 2378 574 2436 δν
588 2381 634 2436 οὐκ
648 2377 679 2435 διν
691 2377 797 2441 δικαίως
818 2374 881 2452 ὑπὲρ
901 2379 947 2431 τοῦ
962 2374 1123 2451 ἁμαρτόντος

342 2468 484 2535 κολάζοιτο·
499 2466 587 2524 ἱκανόν
604 2464 654 2542 γὰρ
668 2466 740 2543 αὐτῷ
755 2463 810 2520 ieri
825 2460 872 2527 τδις
891 2464 970 2518 αὑτοῦ
992 2458 1122 2539 ἁμαρτίας

343 2555 436 2635 φέρειν·
449 2560 463 2614 ό
475 2554 502 2613 δέ
520 2563 581 2619 παῖς
592 2561 648 2618 ταῖς
659 2556 737 2609 αὑτοῦ
754 2548 894 2630 ἁμαρτίαις
906 2548 1051 2627 διαρθαριλς
1065 2546 1122 2623 ἅμα

342 2642 446 2721 ἥμαρτέ
458 2666 486 2701 τε
500 2642 545 2699 καὶ
558 2642 601 2721 inp*
615 2644 706 2699 ἑαυτοῦ
721 2637 860 2707 ἐκολάσθη·
889 2634 1082 2711 κεκολασμένον
1094 2633 1121 2693 δὲ

342 2736 387 2788 τοῦ
402 2729 598 2794 ἀποκτείναντος
610 2730 656 2786 οὐκ
668 2726 831 2805 ἀτιμώρητος
845 2727 859 2781 ὑ
872 2722 946 2804 ρόνος
959 2722 1037 2794 ἐστίν,
1048 2722 1122 2801 ἔχον·

342 2818 383 2884 τός
397 2841 425 2894 γε
439 2816 486 2888 τὴν
498 2816 570 2882 δίκην
585 2821 630 2874 τοῦ
640 2814 745 2893 φονέως.

293 2922 342 2971 1⁶25
382 2925 403 2964 s·
426 2906 484 2964 Οὐκ
498 2903 542 2963 ἐόν
555 2892 599 2961 οδν
613 2904 760 2971 ἀπολύσητε
777 2903 862 2975 ἡμᾶς,
874 2898 932 2955 ἀλλ’
946 2895 991 2954 ἐὰν
1004 2894 1121 2955 καταλά-

343 2990 415 3063 όητε,
424 2992 541 3067 ἐνθύμιον
553 2989 732 3069 ὖπολείψεσθε.
744 2987 779 3047 ‘0
790 2985 836 3063 μέν
846 2983 896 3064 γὰρ
904 2981 1031 3050 αὐτδςτδις
1044 2987 1121 3041 αὑτοῦ

342 3079 472 3156 ἁμαρτίας
493 3078 576 3158 φέρων
590 3077 673 3134 οὐδενὶ
697 3073 769 3133 οὐδὲν
784 3070 977 3152 προστρόπαιον
996 3069 1122 3128 καταλεί-

341 3169 393 3245 ψει·
407 3165 461 3225 ddi
474 3162 586 3244 καθαρὸς
597 3167 643 3233 τῆς
658 3163 741 3226 αἰτίας
756 3158 800 3219 liv
815 3161 958 3238 διαρθαρῇ,
970 3161 1022 3224 τοῖς
1035 3179 1122 3213 κατα-

264 3317 268 3324 ,
341 3253 505 3328 λαμόάνουσι
516 3257 602 3328 μεῖζον
611 3252 641 3309 τὸ
654 3247 771 3323 ἐνθύμιον
785 3246 930 3324 γενήσεται.
946 3248 979 3305 Εἰ
991 3244 1018 3303 δέ
1033 3244 1122 3302 αθθέν·

341 3365 389 3412 της
400 3344 430 3400 ἐκ
443 3345 494 3399 τῶν
507 3338 655 3418 λεγομένων
669 3337 856 3408 ἐπιδείκνυται,
868 3337 917 3413 οὐχ
928 3339 1003 3410 ἡμεῖς
1017 3334 1088 3411 αὐτῷ
1097 3334 1121 3391 οἱ

315 3454 327 3489 s
342 3429 456 3505 λέγοντες
471 3427 548 3485 αἴτιοί
562 3430 653 3503 ἐσμεν,
669 3427 755 3494 ἀλλ’ἢ
770 3420 862 3503 πρᾶξις
876 3425 927 3479 τῶν
939 3421 1031 3500 ἔργων.
1074 3420 1121 3498 (ro)

342 3516 443 3595 Ὀρθῶς
453 3514 479 3573 δέ
494 3518 545 3572 τῶν
561 3514 673 3592 ἐλέγχων
685 3512 843 3590 ἐλεγχόντων
850 3508 894 3567 τὸν
906 3511 988 3565 παῖδα
998 3505 1121 3578 αὐθέντην

341 3601 416 3677 ὄντα,
424 3600 521 3678 δνόμος
526 3598 646 3660 ἀπολύων
656 3604 725 3677 ἡμᾶς
734 3602 779 3668 τῆς
790 3596 874 3662 αἰτίας
883 3592 1121 3652 τδνάποκτείναντα

341 3688 548 3765 καταλαμόόνει.
603 3687 679 3759 Μήτι
692 3678 736 3745 οὖν
755 3690 826 3763 ἡμᾶς
840 3685 875 3748 εἷς
889 3681 926 3759 μὴ
940 3680 1121 3762 προσηκούσας

341 3776 474 3857 συμροράς
490 3776 638 3854 έμόάλητι,
657 3773 725 3852 μήτε
738 3772 811 3833 αὐτοὶ
822 3772 879 3837 ταῖς
891 3768 989 3828 τούτων
1003 3768 1122 3848 ἀτυχίαις

342 3869 492 3940 βοηθοῦντες
514 3863 618 3922 ίναντία
636 3868 682 3922 τοῦ
702 3861 822 3939 δαίμονος
836 3862 931 3937 γνῶτε,
952 3861 1011 3918 ἀλλ’
1031 3856 1120 3935 ὥσπερ

340 3950 409 4009 ὅσιον
426 3953 471 4010 καλ
490 3952 601 4026 δίκαιον,
619 3950 779 4027 μεμνημένοι
790 3954 836 4007 τοῦ
851 3946 948 4013 πάθους
961 3946 1000 4005 δτι
1020 3943 1062 4003 διὰ
1076 3942 1121 4000 τὸν

340 4037 390 4095 ὑπὸ
405 4038 452 4108 τὴν
469 4040 551 4117 ρορὰν
566 4043 610 4095 τοῦ
625 4038 744 4095 ἀκοντίου
758 4035 900 4093 ὑπελθόντα
914 4032 1026 4112 ἐγένετο,
1045 4033 1119 4088 αἰπο-

303 4140 327 4177 tc
340 4123 414 4184 λύετε
427 4131 506 4201 ἡμᾶς·
517 4128 546 4184 οὐ
558 4124 608 4204 γὰρ
623 4124 700 4182 αἴτιοι
714 4129 759 4182 τοῦ
771 4117 847 4202 ρόνοῖι
860 4121 949 4199 ἐσμέν.

1165 1346 1202 1393 nis
1220 1347 1344 1395 consortes
1361 1346 1433 1395 etism
1447 1346 1521 1406 liujus
1539 1344 1644 1393 criminis
1663 1348 1830 1406 cooperatores
1850 1345 1946 1404 bahem

1165 1445 1220 1481 nam
1229 1433 1267 1493 iri,
1278 1446 1325 1481 non
1335 1433 1401 1494 ideo,
1409 1433 1474 1494 quod
1482 1432 1583 1494 jaculari
1591 1432 1736 1492 omiserunt,
1745 1444 1848 1494 puerum
1856 1445 1906 1482 non
1915 1434 1948 1482 ie·

1165 1519 1270 1579 cierunt,
1287 1518 1327 1568 sed
1346 1518 1413 1579 ideo,
1431 1517 1497 1580 quod
1511 1532 1594 1567 eorum
1611 1518 1699 1567 nemini
1714 1519 1737 1567 in
1753 1520 1890 1580 conjectum
1905 1520 1945 1569 teli

1166 1606 1230 1655 venit
1242 1626 1247 1654 :
1261 1607 1310 1667 pari
1320 1605 1392 1653 modo
1400 1605 1550 1666 adolescens,
1560 1605 1602 1667 qui
1612 1605 1687 1655 nihilo
1696 1605 1750 1667 plus
1758 1618 1833 1667 quom
1843 1607 1946 1668 reliquo-

1165 1706 1219 1741 rum
1228 1693 1355 1754 quisqunm
1365 1692 1478 1754 deliquit,
1487 1692 1569 1753 illum,
1581 1693 1601 1742 si
1611 1692 1691 1753 qiriete
1702 1706 1758 1741 cum
1770 1693 1946 1755 spectatoribus

1165 1781 1277 1839 stetisset,
1285 1793 1333 1828 non
1340 1779 1421 1829 luisset
1427 1779 1583 1829 sauciatums.
1592 1781 1714 1843 (illioque
1721 1780 1871 1829 errorsolunr
1878 1781 1945 1842 pueri

1166 1868 1224 1929 luit,
1232 1868 1274 1916 scd
1283 1868 1356 1916 etium
1365 1866 1504 1929 negligentia
1511 1866 1636 1916 cautionis.
1651 1870 1711 1917 Num
1720 1866 1784 1917 iilius
1790 1880 1861 1916 meus
1868 1868 1945 1917 nemi-

1166 1968 1220 2004 nem
1228 1954 1629 2016 vidensdiscurrentem,quomo‹lo
1638 1957 1731 2017 poterat
1739 1967 1863 2004 carercnc
1872 1968 1944 2017 quem

1166 2044 1261 2094 feriret?
1275 2044 1319 2094 llle
1334 2045 1430 2103 nutem,
1446 2043 1530 2092 ridens
1546 2043 1604 2092 istos
1614 2042 1761 2105 jaculantes,
1775 2042 1846 2092 tacite
1860 2056 1946 2092 cenem

1165 2134 1258 2193 poterat
1267 2144 1298 2180 ne
1307 2130 1554 2192 tenretmequopiam
1566 2129 1738 2178 :licebutenim
1743 2131 1944 2192 porstsreqnieto.

1165 2219 1199 2281 (8)
1215 2222 1300 2281 Legem
1312 2218 1378 2280 quod
1389 2218 1487 2279 attinet,
1504 2231 1577 2280 quam
1590 2217 1678 2278 citant,
1691 2219 1785 2280 oportet
1794 2217 1879 2279 utique
1892 2231 1944 2268 earu

1165 2306 1272 2354 laudare.
1301 2309 1373 2355 Recte
1382 2305 1446 2354 enim
1459 2308 1484 2353 et
1490 2304 1554 2365 juste
1567 2303 1622 2353 iacit
1631 2303 1762 2352 lromicidns
1772 2304 1945 2355 involuntarios

1166 2393 1332 2443 involuntariis
1348 2393 1418 2441 malis
1426 2392 1535 2455 puniens.
1548 2391 1692 2441 Adolescens
1704 2393 1846 2440 autemnon
1860 2406 1944 2455 pecca-

1165 2482 1214 2542 rit;
1225 2495 1280 2543 ergo
1293 2481 1379 2542 injuria
1388 2481 1410 2529 ei
1419 2480 1475 2540 tint,
1488 2479 1507 2530 si
1518 2480 1635 2542 plectatur
1644 2478 1725 2542 ipsein
1739 2480 1817 2529 ricem
1827 2479 1893 2543 ejus,
1904 2480 1944 2543 qul

1167 2582 1223 2618 rere
1232 2567 1353 2631 peccavit3
1362 2580 1419 2616 narn
1427 2566 1484 2616 sniis
1493 2566 1537 2628 ipsi
1550 2569 1744 2628 estpeccatorum
1754 2579 1855 2615 suorum
1865 2581 1945 2630 ponas

1166 2658 1226 2706 terre
1238 2677 1243 2706 :
1254 2670 1312 2718 puer
1321 2658 1489 2705 autemerrore
1499 2667 1544 2704 suo
1554 2654 1724 2716 interemptus,
1736 2654 1808 2703 umul
1824 2655 1944 2717 peccarit,

1165 2746 1189 2792 et
1204 2745 1307 2793 usemet
1317 2743 1368 2805 ipso
1378 2742 1529 2805 punitusest.
1539 2740 1645 2799 Punitus
1654 2744 1737 2790 nutem
1747 2740 1867 2791 homicida
1876 2755 1944 2806 pians

1165 2844 1213 2880 non
1224 2834 1289 2880 caret
1300 2851 1306 2879 z
1317 2830 1388 2880 lrabet
1399 2829 1464 2879 enim
1477 2840 1573 2891 pennum
1582 2825 1664 2875 omlis.

1196 2924 1219 2969 9.
1228 2922 1281 2968 lton
1290 2932 1346 2981 ergo
1352 2918 1492 2979 scrupulum
1501 2914 1621 2965 mentibus
1630 2913 1715 2964 vestris
1726 2913 1838 2975 injicietis
1846 2927 1891 2964 nos
1900 2913 1942 2963 nb·

1165 3013 1297 3073 solventes,
1307 3012 1349 3062 sed
1358 3011 1552 3061 condemnantes.
1564 3011 1625 3058 Nam
1634 3006 1676 3068 qul
1688 3005 1726 3054 sui
1737 3008 1832 3069 propria
1847 3010 1943 3070 penno

1165 3106 1220 3167 luit,
1230 3107 1249 3155 is
1256 3106 1345 3156 nemini
1351 3105 1472 3168 piaculum
1479 3102 1570 3151 ultione
1578 3101 1724 3164 expiandum
1733 3100 1846 3164 relinquit
1857 3115 1944 3165 :purus

1165 3203 1246 3249 nutem
1257 3199 1380 3248 scrinune
1392 3197 1411 3247 si
1421 3196 1528 3255 tolletur,
1541 3194 1696 3243 vehementer
1704 3193 1724 3243 is
1733 3194 1944 3244 condemnantium

1166 3293 1283 3343 cruciabit
1296 3289 1473 3340 conscientiam.
1492 3286 1563 3345 onon
1573 3289 1655 3335 autern
1666 3285 1851 3349 edisputotione
1863 3291 1943 3337 nostm

1166 3381 1292 3441 elucescit,
1306 3390 1408 3441 puemm
1419 3377 1571 3438 peremptum
1593 3373 1738 3423 homicidam
1757 3388 1821 3437 esse,
1836 3389 1885 3425 non
1901 3388 1943 3426 nos

1166 3492 1250 3528 sumus
1260 3477 1377 3539 inculpa,
1388 3474 1429 3524 sod
1438 3476 1526 3524 natum
1538 3473 1602 3522 iacti.
1644 3472 1692 3534 (lo)
1702 3472 1802 3531 Quodsi
1813 3487 1869 3536 crgo
1878 3488 1943 3538 argu·

1166 3574 1246 3622 ments
1257 3573 1339 3621 nostru
1352 3583 1453 3632 puerum
1466 3570 1555 3631 cogunt
1565 3568 1711 3618 homicidum
1719 3581 1770 3618 esse
1777 3605 1785 3631 ,
1797 3567 1836 3619 lex
1846 3583 1890 3619 nos
1904 3570 1942 3619 ab

1166 3665 1250 3727 solvit,
1262 3664 1361 3713 damnat
1372 3662 1558 3711 interfectorem.
1572 3662 1655 3721 Neque
1664 3672 1708 3707 nos
1716 3672 1772 3721 ergo
1784 3660 1809 3707 ln
1822 3659 1942 3708 calamite-

1165 3760 1201 3807 tes
1216 3756 1347 3806 immeritas
1356 3754 1515 3818 praecipitate,
1527 3764 1605 3813 neque
1616 3763 1755 3800 succurrere
1766 3750 1854 3799 borum
1865 3751 1942 3801 inteli-

1165 3851 1230 3900 citnti
1248 3851 1374 3910 conantes,
1392 3846 1484 3896 sciscite
1500 3843 1581 3893 divino
1598 3842 1691 3892 numini
1704 3842 1868 3904 adversantia,
1889 3842 1942 3902 sed,

1166 3946 1237 4008 prout
1253 3945 1362 3992 sunctum
1378 3944 1402 3989 et
1411 3940 1504 4002 justum
1512 3940 1563 4000 esi,
1573 3937 1689 3986 absolvite
1697 3948 1754 3997 nos,
1765 3936 1893 3997 recordati,
1903 3949 1942 3985 ta·

1165 4050 1219 4085 sum
1237 4036 1300 4084 bunc
1313 4048 1344 4082 ex
1361 4030 1520 4095 imprudentia
1534 4030 1585 4091 ejus
1595 4028 1712 4078 exstitisse
1727 4026 1769 4089 qui
1782 4026 1831 4076 telo
1840 4026 1942 4076 venienti

1165 4142 1216 4177 sese
1227 4129 1277 4189 ipse
1288 4125 1375 4175 obtulit
1387 4145 1392 4174 :
1403 4138 1447 4175 nos
1459 4123 1523 4173 enim
1537 4122 1644 4186 protecto
1655 4120 1726 4184 culpa
1737 4118 1811 4169 caedis
1822 4131 1941 4168 remmus.
