4467 6542
596 1079 651 1118 80

679 679 788 731 180

675 800 829 858 δάσαι
868 796 995 876 πρὸς
1038 795 1154 862 τοὺς
1185 792 1335 870 ἐμοὺς
1364 790 1667 868 ἀναγκαίους
1693 787 1993 847 πλάσασθαι
2020 794 2213 858 ταῦτα;

676 887 761 966 (u)
794 884 1043 945 Γινώσκω
1076 882 1131 939 δὲ
1158 886 1245 938 νῦν
1283 878 1381 949 ἤδη
1407 878 1496 934 καὶ
1521 877 1685 934 πάλαι
1713 879 1988 946 ζητοῦντας
2014 876 2217 955 πρόφα-

675 995 775 1049 σιν,
810 971 963 1042 ἡνίκα
1000 968 1358 1047 Θρασύμαχον
1398 969 1531 1040 ὑμᾶς
1566 962 1816 1042 ἐφάσκετε
1853 966 2025 1029 κακῶς
2051 961 2218 1038 λέγειν

1609 660 1887 721 ΛΥΣΙΟΥ
1932 656 2356 719 ΚΑΤΗΓΟΡΙΑ
2403 662 2917 722 ΚΑΚΟΛΟΓΙΩΝ.

2309 802 2474 839 versus
2514 803 2600 841 vos
2652 791 2744 839 mei
2781 792 2999 853 prompta
3035 790 3304 853 calmnnia,
3347 792 3469 842 adeo
3504 794 3565 842 nt.
3602 793 3669 843 ad
3715 808 3885 846 neom·

3560 665 3763 741 (m—
3794 681 3873 740 ιτ)

2313 876 2462 926 sarios
2499 891 2629 926 meos
2659 877 2765 926 hmo
2808 878 2984 940 tingere
3027 877 3272 927 studeret?
3336 879 3439 941 (14)
3478 882 3594 930 Jam
3630 894 3767 932 nuno
3804 885 3867 936 de

2263 932 2268 1052 Ι
2313 976 2451 1012 mum
2492 965 2702 1027 intelligo
2738 978 2827 1014 vos
2873 966 2991 1014 ohm
3028 967 3327 1016 occasion·-
3371 968 3679 1031 quamue,
3724 984 3883 1034 quum

676 1060 740 1115 δι’
773 1056 886 1134 ἐμέ.
973 1056 1079 1115 Καὶ
1105 1054 1205 1130 ἐγὼ
1231 1053 1323 1128 μὲν
1352 1053 1563 1130 ἠρώτων
1588 1049 1740 1107 αὐτὸν
1765 1052 1808 1107 εἰ
1838 1051 1902 1106 δι’
1927 1048 2019 1123 ἐμὲ
2052 1053 2222 1114 κακῶς
2263 1062 2271 1130 ]]'
2310 1043 2496 1094 dixistis
2551 1047 2958 1109 Thrasymachum
3003 1048 3099 1097 mei
3150 1050 3302 1111 vatin
3358 1050 3499 1100 vobis
3564 1053 3875 1106 maledicere.

675 1144 815 1221 λέγοι
840 1142 1114 1220 Διόδωρον·
1138 1145 1165 1198 ὁ
1194 1140 1246 1197 δὲ
1270 1144 1508 1197 τοσοῦτον
1529 1137 1761 1215 ὑπερεῖδε
1787 1134 1847 1193 τὸ
1871 1137 1935 1192 δι’
1958 1134 2068 1211 ἐμέ·
2093 1137 2220 1191 πολ·

678 1234 769 1288 λοῦ
803 1230 903 1307 γὰρ
929 1230 1032 1287 δεῖν
1070 1227 1166 1307 ἔφη
1196 1227 1259 1283 δι’
1289 1229 1511 1283 ὁντινοῦν
1544 1221 1805 1301 εἰρηκέναι
1837 1222 2091 1300 Διόδωρον
2118 1244 2221 1279 κα-

680 1322 799 1385 κῶς.
835 1316 945 1376 Καὶ
961 1320 1125 1373 ταῦτα
1147 1311 1493 1393 προσάγοντος
1516 1312 1641 1385 ἐμοῦ
1671 1310 1928 1390 πρόθυμος
1955 1314 1983 1367 ὁ
2002 1308 2224 1387 Θρασύ-

679 1424 847 1481 μαχος
874 1394 936 1473 ἦν
960 1400 1347 1477 ἐξελέγχεσθαι,
1378 1396 1495 1476 περὶ
1520 1388 1591 1455 ὧν
1615 1388 1758 1462 οὗτος
1782 1396 1970 1473 ἔλεγεν·
2000 1387 2143 1462 οἶτος
2170 1393 2223 1453 δὲ

678 1491 848 1547 πάντα
873 1490 1069 1565 μᾶλλον
1085 1485 1432 1565 διεπράττετο.
1452 1481 1533 1562 (15)
1556 1482 1710 1543 Μετὰ
1726 1487 1875 1560 τοῦτο
1893 1481 2226 1562 Αὐτοκράτης

678 1581 803 1653 ἐμοῦ
824 1574 1073 1656 παρόντος
1096 1572 1445 1655 Θρασυμάχῳ
1467 1572 1638 1649 ἔλεγεν
1659 1569 2062 1650 Εὐρυπτόλεμον
2085 1573 2225 1649 αὐτῷ

628 1694 649 1723 ;.
680 1665 1006 1743 μέμφεσθαι,
1042 1660 1306 1741 φάσκοντα
1339 1662 1513 1725 κακῶς
1554 1657 1756 1717 ἀκούειν
1792 1660 1878 1714 ὑπ’
1924 1659 2110 1715 αὐτοῦ·
2141 1657 2226 1715 τὸν

681 1748 1072 1829 ἀπαγγέλλοντα
1095 1750 1146 1805 δὲ
1173 1738 1303 1805 εῖναι
1324 1744 1643 1825 Μηνόφιλον.
1667 1744 1833 1811 Εὐθὺς
1858 1746 1901 1803 δ’
1926 1745 2114 1810 ἐκεῖνος
2143 1744 2227 1802 ἐπὶ
2267 1776 2268 1781 =

679 1842 767 1897 τὸν
790 1835 1087 1918 Μηνόφιλον
1117 1834 1320 1902 ε’ὅάδιζε
1342 1837 1455 1909 μετ’
1488 1836 1631 1910 ἐμοῦ·
1661 1835 1895 1897 κάκεῖνος
1923 1831 2038 1889 οὔτε
2068 1833 2227 1890 ἀκοῦ-

682 1947 769 1982 σαι
798 1924 1010 1982 πώποτε
1044 1920 1265 2002 ἔφασκεν
1306 1920 1421 1978 οὔτε
1450 1921 1766 1995 ἀπαγγεῖλαι
1802 1917 1927 1995 πρὸς
1956 1917 2227 1996 Εὐρυπτό-

679 2012 858 2087 λεμον,
883 2009 971 2067 καὶ
990 2009 1048 2065 οὗ
1072 2012 1237 2064 ταῦτα
1261 2003 1437 2081 μόνον,
1463 2003 1579 2061 ἀλλ’
1596 2003 1711 2061 οὐδὲ
1735 2003 2014 2081 διειλέχθαι
2034 2004 2228 2060 πολλοῦ

678 2094 886 2175 γρόνου.
957 2096 1045 2169 (ιο)
1073 2090 1334 2157 Τοιαύτας
1356 2090 1634 2170 προφάσεις
1659 2087 2089 2169 προφασιζόμενοι
2113 2088 2228 2146 τότε

683 2164 778 2260 μὲν
808 2184 867 2239 ἐκ
894 2184 986 2250 τῆς
1014 2183 1142 2256 ἐμῆς
1168 2179 1257 2237 καὶ
1288 2176 1648 2256 Θρασυμάχου
1684 2176 1955 2242 συνουσίας
1985 2174 2099 2233 ἐστὲ
2127 2198 2226 2255 φα·

681 2268 849 2349 νεροί,
874 2273 963 2325 νῦν
994 2267 1047 2324 δὲ
1075 2265 1251 2335 ἐπειδὴ
1281 2264 1640 2322 ἐκλελοίπασιν
1671 2266 1802 2337 ὑμᾶς
1828 2265 1882 2320 αἱ
1918 2261 2228 2341 προφάσεις,

636 2387 642 2400 ·
682 2354 1095 2434 ἐλευθεριώτερόν
1113 2375 1177 2429 με
1193 2357 1430 2410 κακῶσαι
1447 2351 1650 2409 λείπετε
1672 2349 1835 2408 οὐδέν.
1856 2352 2003 2430 Χρῆν
2027 2348 2120 2426 μὲν
2142 2340 2228 2407 οὖν

682 2444 797 2502 τότε
827 2464 893 2520 με
918 2440 1187 2519 γινώσκειν
1227 2437 1552 2516 ὀφειλόμενόν
1585 2458 1672 2511 μοι
1705 2441 1870 2494 ταῦτα
1904 2440 2108 2512 παθεῖν,
2144 2433 2227 2492 ὅτε

684 2528 912 2607 καὶπρὸς
928 2526 1020 2605 ἐμὲ
1037 2527 1155 2605 περὶ
1175 2529 1319 2601 ὑμῶν
1337 2526 1501 2581 αὐτῶν
1519 2521 1718 2600 ἐλέγετε
1733 2527 1921 2588 κακῶς·
1948 2523 2125 2579 ἔπειτα
2142 2522 2230 2580 καὶ

684 2615 802 2694 περὶ
827 2612 1181 2684 Πολυκλέους,
1212 2604 1255 2692 ᾧ
1275 2610 1383 2668 νυνὶ
1407 2610 1637 2689 βοηθεῖτε
1664 2608 1881 2685 πάντες,
1902 2610 2083 2686 εἴρηκα
2106 2609 2231 2687 πρὸς

685 2707 838 2778 ὑμᾶς.
924 2702 1011 2780 (17)
1038 2697 1193 2758 Κατὰ
1222 2698 1272 2755 τί
1292 2696 1354 2767 δή
1380 2719 1504 2753 ποτε
1527 2699 1693 2753 ταῦτα
1726 2697 1820 2753 οὐκ
1847 2695 2231 2774 ἐφυλαττόμην,
2281 2706 2284 2707 ’

689 2786 881 2860 Εὔηθές
909 2811 958 2845 τι
988 2786 1192 2845 ἔπαθον·
1223 2784 1373 2864 ᾤμην
1398 2782 1497 2860 γὰρ
1523 2780 1766 2847 ἀπόθετος
1784 2783 1904 2858 ὑμῖν
1929 2773 2058 2840 εἶναι
2091 2782 2232 2861 φίλος

684 2881 772 2933 τοῦ
806 2873 968 2952 μηδὲν
1000 2876 1219 2930 ἀκοῦσαι
1258 2869 1419 2928 κακὸν
1451 2869 1516 2927 δι’
1550 2869 1673 2926 αὐτὸ
1714 2874 1894 2944 τοῦτο,
1940 2866 2066 2925 διότι
2105 2868 2231 2947 πρὸς

686 2962 779 3038 ἐμὲ
806 2962 921 3029 τοὺς
949 2962 1133 3025 ἄλλους
1167 2957 1398 3036 ἐλέγετε,
1435 2954 1882 3035 παρακαταθήκην
1918 2955 2051 3034 ἔχων
2086 2959 2229 3032 ὑμῶν

586 3070 603 3116 1
626 3053 809 3128 14παρ’
836 3048 1055 3108 ἑκάστου
1082 3046 1261 3122 λόγους
1284 3042 1531 3123 πονηροὺς
1550 3042 1668 3121 περὶ
1693 3043 1955 3113 ἀλλήλων.

629 3599 653 3633 f)

615 4032 662 4069 lo

617 4717 665 4753 lb

768 3158 834 3197 18.
882 3133 1025 3211 Ἐγὼ
1061 3133 1227 3191 τοίνυν
1271 3131 1402 3190 ἑκὼν
1435 3134 1554 3206 ὑμῖν
1584 3129 1863 3206 ἐξίσταμαι
1899 3134 1990 3200 τῆς
2025 3130 2229 3210 φιλίας,

688 3224 799 3281 ἐπεί
824 3246 902 3280 τοι
934 3221 1008 3297 μὰ
1036 3220 1152 3286 τοὺς
1180 3218 1321 3284 θεοὺς
1346 3220 1440 3276 οὐκ
1467 3210 1562 3275 οἶδ’
1588 3216 1619 3273 ὅ
1643 3240 1693 3274 τι
1729 3217 2128 3294 ζημιωθήσομαι
2157 3219 2230 3293 μὴ

687 3309 844 3376 ξυνὼν
864 3310 999 3384 ὑμῖν·
1025 3307 1139 3366 οὐδὲ
1174 3306 1275 3386 γὰρ
1298 3304 1604 3386 ὠφελούμην
1637 3302 1814 3372 ξυνών.
1863 3303 2088 3382 Πότερον
2112 3305 2233 3384 γάρ,

685 3398 806 3456 ὅταν
836 3390 871 3469 ἦ
893 3398 946 3454 τί
969 3418 1057 3472 μοι
1080 3403 1330 3471 πρᾶγμα,
1355 3391 1469 3451 τότε
1495 3392 1779 3467 ποθέσομαι
1800 3391 1886 3449 τὸν
1906 3394 2118 3470 ἐροῦντα
2143 3393 2232 3450 καὶ

687 3484 802 3551 τοὺς
831 3462 1283 3563 μαρτυρήσοντας,
1315 3478 1421 3539 Καὶ
1442 3485 1527 3537 νῦν
1558 3480 1669 3536 ἀντὶ
1693 3479 1786 3552 μὲν
1806 3484 1894 3537 τοῦ
1914 3478 2079 3556 λέγειν
2105 3479 2233 3557 ὑπὲρ

688 3574 815 3647 ἐμοῦ
833 3572 921 3629 τὸν
940 3569 1156 3646 λέγοντα
1175 3571 1420 3647 πειρᾶσθε
1443 3566 1683 3641 κωλύειν,
1710 3565 1821 3622 ἀντὶ
1843 3565 1896 3623 δὲ
1916 3571 2004 3623 τοῦ
2029 3571 2233 3643 βοηθεῖν

688 3659 802 3732 ἐμοὶ
830 3657 918 3716 καὶ
947 3658 1223 3735 μαρτυρεῖν
1252 3654 1318 3711 τὰ
1348 3652 1521 3711 δίκαια
1551 3650 1751 3720 ξύνεστε
1781 3655 1885 3716 τοῖς
1920 3654 2060 3727 ἐμοῖς
2089 3654 2229 3709 ἀντι·

688 3744 841 3810 δίκοις
872 3743 961 3802 καὶ
997 3750 1324 3821 μαρτυρεῖτε.
1408 3738 1497 3818 (1⁰)
1528 3738 1668 3797 Ἀλλ’
1693 3742 1759 3805 ὡς
1789 3728 1921 3796 εῧνοι
1950 3738 2089 3805 ὄντες
2118 3738 2234 3815 ἐμοὶ

686 3832 752 3890 τὰ
785 3832 1029 3910 βέλτιστα
1061 3833 1221 3909 ἐρεῖτε
1255 3827 1375 3907 περὶ
1403 3830 1563 3904 ἐμοῦ,
1597 3826 1730 3884 ἀλλὰ
1760 3827 1849 3884 καὶ
1877 3831 1965 3883 νῦν
1996 3830 2141 3902 ὑμεῖς
2170 3849 2235 3900 με

690 3919 842 3996 μόνον
870 3921 1043 3983 κακῶς
1078 3916 1274 3993 λέγετε.
1356 3915 1436 3975 Τὸ
1467 3914 1559 3991 μὲν
1594 3905 1680 3971 οὖν
1718 3913 1840 3989 ἐμὸν
1868 3915 1960 3970 οὐκ
1993 3913 2233 3989 ἐμποδὼν

691 4007 809 4081 ὑμῖν
839 4003 1003 4062 ἔσται.
1066 4005 1308 4062 Τοιοῦτον
1332 4000 1433 4078 γὰρ
1449 4000 1576 4077 πρὸς
1605 4002 1739 4074 ὑμᾶς
1765 3997 1946 4064 αὐτοὺς
1968 3997 2234 4069 πείσεσθε,

691 4091 868 4161 ἐπειδή
893 4113 991 4170 περ
1015 4092 1136 4164 ὑμῖν
1163 4087 1270 4154 ἔθος
1288 4086 1424 4144 ἐστὶν
1451 4086 1540 4143 ἕνα
1561 4089 1665 4142 τῶν
1691 4084 1937 4152 ξυνόντων
1962 4086 2041 4143 ἀεὶ
2066 4089 2238 4151 κακῶς

689 4178 855 4255 λέγειν
874 4175 964 4233 καὶ
984 4176 1162 4232 ποιεῖν·
1185 4171 1389 4231 ἐπειδὰν
1417 4174 1538 4246 ὑμῖν
1559 4170 1661 4247 ἐγὼ
1684 4169 1755 4245 μὴ
1781 4170 1936 4241 ξυνῶ,
1956 4170 2081 4248 πρὸς
2101 4175 2239 4246 ὑμᾶς

690 4261 872 4327 αὐτοὺς
893 4260 1135 4340 τρέψεσθε
1152 4305 1168 4333 ,
1192 4258 1415 4316 κᾶπειτα
1439 4257 1553 4314 καθ’
1577 4258 1665 4314 ἕνα
1689 4256 1904 4314 ἕκαστον
1925 4260 2046 4333 ὑμῖν
2067 4260 2239 4324 αὐτοῖς

693 4347 1048 4428 ἀπεχθήσεσθε
1063 4394 1077 4418 ,
1100 4345 1159 4403 τὸ
1180 4345 1232 4403 δὲ
1261 4347 1549 4403 τελευταῖον
1570 4347 1597 4401 δ
1619 4334 1689 4407 εἷς
1713 4346 1739 4399 ὃ
1765 4342 2063 4419 λειπόμενος
2088 4342 2239 4409 αὐτὸς

691 4435 843 4493 αὑτὸν
864 4438 1037 4499 κακῶς
1056 4435 1175 4512 ἐρεῖ.
1241 4431 1331 4509 (20)
1362 4431 1611 4509 Κερδανῶ
1631 4428 1684 4485 δὲ
1707 4436 1966 4500 τοσοῦτον,
1993 4430 2070 4488 ὅτι
2094 4433 2240 4508 πρῶ-

689 4545 775 4579 τον
818 4519 911 4597 μὲν
941 4523 1085 4596 ὑμῶν
1117 4516 1433 4593 ἀπαλλαγεὶς
1479 4514 1730 4592 ἐλάχιστα
1760 4518 1930 4581 κακῶς
1967 4515 2053 4595 ὑφ’
2093 4518 2240 4592 ὑμῶν

691 4608 955 4685 πείσομαι·
993 4605 1109 4671 τοὺς
1156 4604 1252 4682 μὲν
1292 4604 1392 4682 γὰρ
1434 4600 1732 4682 χρωμένους
1774 4604 1896 4678 ὑμῖν
1933 4605 2106 4668 κακῶς
2147 4602 2238 4660 καὶ

692 4694 865 4772 λέγετε
891 4695 981 4753 καὶ
1005 4694 1197 4752 ποιεῖτε
1215 4737 1229 4764 ,
1257 4694 1356 4748 τῶν
1382 4689 1435 4747 δὲ
1479 4688 1552 4764 μὴ
1596 4688 1879 4766 χρωμένων
1915 4686 2097 4747 οὐδένα
2124 4687 2237 4746 πώ·

692 4804 836 4839 ποτε.

1289 4913 1643 4938 -.⁴000—

2313 1134 2470 1188 Quem
2500 1147 2585 1195 ego
2610 1135 2895 1196 interrogavi
2924 1136 2965 1184 si
3001 1135 3095 1184 mei
3122 1136 3274 1198 gratia
3303 1136 3518 1188 Diodoro
3548 1140 3880 1194 maedicoeet.

2313 1214 2398 1263 llle
2427 1227 2541 1264 vero
2580 1216 2733 1278 istud,
2765 1220 2867 1267 met
2903 1220 3109 1279 qratia,
3149 1218 3363 1269 multum
3388 1220 3694 1286 exsibilavit3
3720 1226 3885 1289 Longe

2313 1295 2437 1344 enim
2468 1296 2628 1357 abest,
2656 1298 2836 1361 inquit,
2855 1301 2911 1348 ut
2939 1312 3025 1361 ego
3042 1299 3251 1350 Diodom
3276 1301 3483 1364 alicujus
3503 1304 3711 1355 omnino
3733 1310 3887 1369 gunfis

2314 1376 2658 1428 maledixerim.
2700 1380 2857 1442 Atque
2890 1381 3065 1441 etiam,
3096 1379 3158 1430 ad
3199 1382 3465 1432 Diodorum
3501 1396 3583 1434 me
3613 1385 3886 1438 adducente

2320 1457 2730 1521 Thrasymachum
2744 1496 2759 1522 ,
2784 1462 2865 1510 hic
2896 1465 3070 1524 proesto
3092 1465 3195 1513 erat
3225 1466 3282 1513 ut
3302 1465 3677 1517 convinceretur
3696 1469 3761 1519 de
3780 1484 3884 1522 ser-

2317 1549 2460 1585 mone
2484 1551 2628 1600 quem
2656 1539 2839 1589 habuit.
2871 1540 3111 1589 Diodorus
3134 1543 3296 1591 autem
3327 1542 3522 1604 quidvis
3548 1546 3714 1608 potius
3733 1548 3882 1599 tade-

2317 1622 2414 1672 bat.
2481 1625 2579 1685 (15)
2603 1625 2837 1675 posthaec
2856 1629 3142 1677 Autocrates
3156 1663 3173 1690 ,
3197 1641 3276 1678 me
3294 1633 3556 1692 prasente,
3583 1631 3711 1684 dixit
3732 1636 3885 1686 Thra·

2315 1705 2543 1766 symacho
2570 1709 2962 1769 Euryptolemum
2982 1708 3042 1759 de
3060 1710 3163 1773 ipso
3184 1711 3340 1773 queri,
3356 1724 3416 1761 ac
3443 1713 3608 1765 dicere
3622 1728 3677 1766 se
3691 1716 3756 1766 ab
3781 1718 3884 1781 ipso

2316 1791 2479 1854 impeti
2501 1794 2792 1856 maledictis3
2822 1809 2880 1845 ea
2900 1796 2990 1844 sibi
3024 1797 3319 1848 renuntiasse
3344 1800 3695 1863 Menophilum.
3726 1804 3884 1855 'nm-

2316 1874 2571 1933 symachus
2595 1876 2757 1925 statim
2789 1890 2866 1925 me
2893 1878 3154 1928 comitante
3184 1877 3246 1927 ad
3278 1881 3613 1943 Menophilum
3638 1886 3880 1947 pergant.

2318 1956 2410 2010 Qui
2430 1953 2677 2017 nunquam
2696 1956 2800 2006 haec
2820 1958 2906 2006 aut
2930 1958 3120 2008 audisse
3138 1958 3444 2010 confirmavit
3456 1998 3473 2022 ,
3491 1964 3580 2012 aut
3597 1966 3883 2027 Euryptole·

2318 2050 2399 2085 mo
2423 2039 2743 2102 renuntiasse3
2776 2053 2931 2103 neque
2962 2041 3068 2091 hoec
3089 2042 3270 2098 solum,
3294 2042 3378 2093 sed
3402 2056 3518 2094 cum
3536 2045 3623 2095 illo
3638 2059 3726 2109 per
3742 2047 3881 2101 diuti-

2318 2137 2433 2173 num
2454 2126 2643 2187 tempus
2656 2139 2716 2175 ne
2733 2127 2875 2177 verba
2892 2127 3087 2190 quidem
3106 2129 3288 2181 recisse.
3309 2131 3408 2193 (16)
3430 2131 3720 2194 Huiusmodi
3746 2150 3881 2187 ocra·

2319 2207 2475 2257 siones
2491 2222 2553 2257 ex
2566 2222 2674 2258 mea
2692 2223 2804 2259 cum
2818 2211 3171 2274 Thrasymacho
3184 2213 3502 2264 familiaritate
3510 2227 3602 2266 vos
3617 2222 3881 2281 aucupatos

2319 2308 2420 2343 oese
2436 2298 2636 2345 constat.
2650 2300 2678 2346 J
2681 2310 2759 2346 am
2777 2311 2909 2358 vero,
2924 2312 3072 2360 quum
3087 2298 3306 2350 deficiant
3321 2302 3607 2364 praetextus,
3626 2317 3706 2354 me
3720 2307 3879 2367 aperte

2321 2375 2546 2427 lacessitis
2561 2415 2575 2439 ,
2597 2381 2646 2428 et
2657 2379 2773 2428 nihil
2787 2378 3110 2429 dissimulatis.
3132 2382 3354 2443 oportuit
3373 2381 3519 2444 igitur
3535 2396 3616 2433 me
3629 2386 3750 2434 tuuc
3766 2386 3875 2437 olim

2319 2462 2546 2523 sensisse,
2578 2464 2682 2514 haec
2703 2478 2782 2514 me
2814 2478 2844 2514 a
2876 2465 3013 2514 vobis
3043 2464 3216 2516 debere
3250 2467 3367 2530 pati,
3387 2467 3588 2529 quando
3618 2483 3874 2522 commune

2320 2541 2586 2591 maledictis
2618 2544 2932 2606 vosmetipsos
2953 2544 3259 2606 impeteretis.
3295 2546 3454 2595 Etiam
3479 2546 3542 2596 de
3568 2549 3781 2613 Polycle,
3801 2552 3871 2600 eui

2321 2640 2450 2677 nunc
2476 2642 2642 2679 omnes
2667 2630 2992 2693 opitulamini,
3021 2644 3109 2681 vos
3144 2631 3305 2682 docui.
3330 2634 3431 2695 (17)
3467 2634 3598 2691 Quid
3625 2635 3768 2699 igitur
3787 2638 3872 2688 ista

2322 2722 2418 2758 non
2441 2711 2579 2758 cavi?
2597 2714 2697 2773 Ego
2726 2713 3101 2775 simplicissimus
3124 2713 3457 2763 existimabam
3482 2727 3566 2765 me
3595 2717 3736 2767 vobis
3751 2719 3867 2767 aml-

2321 2811 2432 2847 cum
2447 2811 2548 2847 esse
2574 2799 2710 2860 quasi
2730 2802 3084 2849 sacrosanctum
3096 2835 3112 2862 ,
3127 2800 3193 2849 ita
3209 2802 3264 2850 ut
3289 2800 3414 2851 male
3431 2814 3686 2865 nunquam
3699 2818 3729 2854 a
3746 2805 3871 2857 vobis

2322 2894 2469 2930 essem
2497 2883 2751 2931 auditurus
2771 2883 2834 2932 ob
2854 2883 2977 2932 hanc
3002 2884 3154 2946 ipsam
3171 2896 3366 2934 causam
3387 2886 3522 2948 quod
3537 2899 3700 2938 eoram
3723 2902 3800 2939 me
3815 2890 3870 2939 de

2321 2965 2425 3013 aliis
2450 2965 2817 3027 malediceretis,
2836 2969 2886 3017 et
2911 2968 3004 3016 hoc
3021 2968 3160 3029 quasi
3178 2968 3348 3031 pignus
3373 2970 3555 3021 habere
3578 2971 3643 3021 ab
3665 2986 3869 3037 unoquo·

2322 3061 2414 3109 que
2431 3052 2643 3098 vestrum
2664 3086 2679 3111 ,
2709 3052 2862 3100 malos
2879 3050 2940 3099 de
2958 3050 3098 3100 vobis
3112 3051 3317 3101 invicem
3339 3064 3603 3104 sermones.

2387 3142 2461 3185 18.
2498 3141 2795 3200 Quapropter
2817 3138 3042 3187 amicitiae
3067 3140 3241 3188 vestrae
3270 3140 3399 3189 ultro
3424 3144 3616 3203 egomet
3636 3142 3867 3192 muntia.
3932 3154 3941 3162 ·

2281 3264 2284 3272 „
2322 3214 2752 3275 Quandoquidem,
2781 3228 2867 3276 per
2905 3214 3050 3275 deos,
3095 3214 3222 3264 haud
3259 3216 3376 3265 novi
3414 3229 3529 3279 quac
3572 3209 3691 3268 mibi
3722 3221 3871 3269 lutura

2322 3290 2384 3338 sit
2415 3289 2777 3339 incommoditas
2808 3291 3130 3340 familiaritate
3163 3294 3324 3341 vestra
3353 3305 3546 3356 carere,
3580 3296 3668 3357 qui
3698 3296 3870 3346 nullam

2324 3367 2710 3416 commoditatem
2734 3370 2903 3417 nactus
2923 3380 3032 3416 sum
3055 3368 3250 3430 quando
3273 3381 3332 3417 ea
3360 3370 3551 3420 utebar.
3620 3374 3871 3435 Utrumne,

2283 3476 2284 3487 ,
2324 3459 2472 3506 quum
2500 3446 2615 3494 mihi
2649 3447 2833 3495 forense
2858 3447 3104 3508 negotium
3134 3446 3380 3509 inciderit,
3412 3450 3534 3498 tunc
3563 3454 3803 3501 oratorem
3826 3455 3873 3502 et

2281 3630 2284 3643 i
2325 3600 2468 3648 etiam
2503 3601 2661 3649 dicere
2702 3602 2944 3650 volentem
2985 3600 3218 3650 studeatis
3254 3601 3538 3663 prohibere3

2325 3526 2467 3572 testes
2481 3522 2788 3573 desiderabo?
2814 3525 2960 3587 Atqui
2984 3537 3114 3572 nunc
3140 3524 3260 3573 adeo
3280 3537 3367 3586 pro
3391 3538 3469 3575 me
3492 3540 3592 3577 non
3619 3528 3805 3590 dicitis,
3822 3531 3873 3579 ut

3625 3604 3746 3656 adeo
3784 3619 3872 3655 non

2325 3676 2439 3724 mihi
2464 3678 2696 3726 auxilium
2715 3679 2764 3726 et
2790 3677 3116 3726 testimonium
3149 3677 3385 3739 praetatis
3405 3680 3671 3730 secundum
3692 3682 3794 3744 jus,
3824 3685 3874 3732 ut

2324 3754 2372 3802 et
2392 3754 2510 3802 meis
2526 3753 3073 3815 adversariisjungamini
3090 3756 3140 3803 et
3153 3768 3239 3817 pro
3252 3754 3363 3816 ipsis
3372 3755 3713 3807 testificemini.
3778 3761 3873 3821 (19)

2326 3833 2460 3879 Anne
2486 3833 2540 3880 ut
2567 3831 2901 3879 benevolentes
2928 3831 3042 3878 mihi
3076 3830 3137 3880 de
3168 3841 3247 3879 me
3269 3831 3437 3881 dicetis
3453 3834 3672 3894 optima?
3700 3838 3749 3885 at
3778 3835 3873 3897 hm

2326 3921 2453 3956 nunc
2463 3921 2541 3957 me
2549 3908 2704 3957 solum
2717 3907 3142 3957 obtrectationibus
3150 3907 3394 3957 lacessitis.
3406 3909 3644 3972 Equidem
3657 3914 3771 3962 sorti
3784 3926 3875 3962 nou

2324 3984 2614 4033 intercedam
2636 3997 2957 4046 quaecumque
2975 3997 3060 4032 vos
3081 3986 3261 4045 manet,
3282 3984 3515 4046 vobisque
3531 3987 3740 4049 predico
3758 4002 3875 4052 qua·

2325 4062 2393 4109 1oe
2415 4060 2562 4108 futuri
2591 4059 2694 4108 sitis
2715 4073 2826 4123 erga
2842 4060 3170 4123 vosmetipsos.
3233 4060 3472 4117 Quoniam
3496 4062 3634 4113 vobis
3662 4066 3877 4114 usuvenit

2276 4139 2277 4155 ¹
2327 4140 2382 4185 ut
2403 4150 2463 4185 ex
2487 4135 2796 4185 familiaribus
2818 4137 3028 4197 aliquem
3052 4138 3101 4185 et
3124 4136 3266 4186 dictis
3287 4139 3336 4185 et
3368 4136 3509 4187 sactis
3539 4139 3729 4203 aggredi
3755 4154 3875 4191 nun·

2276 4500 2278 4514 ¹
2328 4451 2594 4501 maledictis
2616 4450 2858 4499 lacerabit.

2327 4229 2473 4279 quam
2494 4215 2745 4275 desinatis,
2772 4217 3084 4277 posteaquam
3114 4217 3271 4264 vestra
3289 4214 3613 4267 familiaritate
3639 4231 3735 4268 uon
3752 4221 3879 4281 utar,

2327 4293 2373 4340 in
2394 4292 2706 4353 vosmetipsos
2724 4292 2938 4340 conversi
2959 4304 3070 4340 cum
3089 4290 3440 4353 vobismetipsss
3458 4293 3734 4357 singulatim
3751 4308 3889 4345 exer·

2328 4375 2492 4423 cebitis
2510 4374 2780 4423 inimicitias
2798 4393 2809 4422 ε
2827 4386 2884 4422 ac
2897 4372 3090 4424 tandem
3102 4374 3184 4436 qui
3196 4385 3321 4422 unus
3338 4373 3538 4425 relictus
3546 4375 3657 4437 erit,
3667 4377 3891 4440 seipsum

2925 4450 3173 4512 (20)111ud
3206 4451 3388 4500 interea
3416 4451 3537 4501 mihi
3572 4452 3705 4503 lucro
3734 4466 3892 4516 appo-

2329 4542 2466 4589 nam,
2502 4528 2631 4589 quod
2665 4527 2847 4589 primus
2878 4539 2906 4575 a
2932 4526 3068 4576 vobis
3106 4529 3380 4591 sejunctus,
3408 4528 3667 4579 minimum
3704 4530 3811 4579 mli
3850 4541 3895 4578 n

2285 4604 2287 4608 ’
2328 4610 2466 4659 vohis
2483 4610 2648 4658 seram.
2714 4612 2835 4659 Nam
2857 4621 2940 4657 eos
2957 4621 3125 4657 omnes
3140 4608 3222 4672 qui
3244 4608 3384 4658 vobis
3407 4612 3615 4660 utuntur
3638 4610 3893 4661 amum·

2328 4691 2421 4747 ter,
2443 4700 2494 4735 re
2523 4688 2572 4735 et
2590 4699 2807 4736 sermone
2828 4686 2953 4735 male
2971 4685 3211 4748 tractatis,
3231 4697 3402 4737 eorum
3424 4686 3511 4750 qui
3541 4700 3641 4739 non
3660 4691 3883 4746 numm,

2328 4775 2587 4813 nemmem.

2932 4896 3292 4924 „ooo-¹·—
