4467 6542
775 679 851 731 80

771 804 846 881 τῷ
876 798 1029 879 δήμῳ
1051 821 1141 855 και
1119 796 1392 874 δύναμιν,
1414 796 1503 856 τὸν
1525 796 1579 856 δὲ
1598 797 1825 872 πόλεμον
1841 796 2008 873 δήμου
2032 799 2315 860 κατάλυσιν

770 862 1025 965 γίνεσθαι.
1107 885 1242 964 Περὶ
1272 876 1445 961 μὲνγ
1385 908 1471 943 ουν
1495 883 1687 942 τούτων
1710 890 1874 941 ταῦτα
1901 884 2059 962 λέγω.

852 993 924 1033 13.
970 971 1119 1033 Φασὶ
1147 970 1203 1029 δέ
1230 994 1361 1036 τινες
1391 970 1684 1047 ἀναγκαίως
1706 975 1795 1027 νῦν
1826 973 1952 1047 ἡμῖν
1995 971 2133 1051 ἔχειν
2162 976 2318 1033 πολε-

694 1076 747 1115 10
773 1060 915 1136 μεῖν·
939 1056 1251 1137 σκεψώμεθα
1276 1080 1427 1115 ουνπ
1461 1059 1610 1128 ῶτον,
1639 1055 1820 1135 ἄνδρες
1847 1056 2139 1133 Ἀθηναῖοι,
2168 1059 2255 1119 διὰ
2270 1062 2320 1119 τί

769 1147 859 1204 καὶ
882 1144 1287 1221 πολεμήσωμεν.
1373 1147 1421 1203 O
1447 1166 1542 1219 μαι
1577 1141 1678 1222 γὰρ
1703 1140 1763 1200 ἂν
1792 1143 1993 1211 πάντας
2027 1146 2320 1225 ἀνθρώπους

768 1236 1091 1311 ὁμολογῆσαι
1113 1231 1197 1288 διὰ
1227 1231 1348 1289 τάδε
1393 1233 1499 1289 δεῖν
1527 1230 1791 1306 πολεμεῖν,
1831 1229 1867 1301 ἢ
1894 1232 2255 1341 ἀδικουμένους
2284 1234 2318 1307 ἢ

772 1325 1084 1399 βοηθουντας
1108 1317 1451 1392 ἠδικημένοις.

771 1407 1000 1484 κοῦμεθα
1046 1406 1286 1470 Βοιωτοῖς
1320 1428 1377 1462 τε
1418 1403 1773 1479 ἀδικουμένοις
1822 1403 2163 1482 ἐδοηθοῧμεν.
2254 1412 2320 1469 Εἰ

769 1495 936 1553 τοίνυν
959 1497 1087 1570 ἡμῖν
1116 1492 1173 1549 τέ
1196 1494 1304 1550 ἐστι
1325 1496 1474 1549 τοῦτο
1492 1489 1637 1570 παρὰ
1664 1491 2108 1567 Λακεδαιμονίων,
2135 1492 2194 1552 τὸ
2214 1518 2318 1570 μη·

691 1688 741 1728 15
767 1668 923 1749 ρήνην
950 1668 1149 1749 ἀφεῖσιν
1164 1664 1481 1745 Ὀρχομενὸν
1510 1663 1813 1739 αὐτόνομον,
1836 1664 1968 1731 τίνος
1999 1664 2149 1724 ἕνεκα
2171 1670 2319 1726 πολε·

765 1755 1045 1834 μήσωμεν·
1032 1802 1048 1833 ,
1078 1756 1166 1835 (14)
1180 1754 1270 1811 ἵνα
1295 1757 1330 1823 ἡ
1350 1751 1498 1819 πόλις
1518 1756 1643 1826 ἡμῖν
1659 1750 1900 1832 ἐλευθέρα
1926 1744 1984 1831 ᾗ·
1971 1797 1987 1824 ,
2007 1752 2143 1811 ἀλλὰ
2162 1753 2316 1812 τοῦτό

761 1865 822 1919 γε
856 1845 987 1922 αὐτῇ
1029 1843 1272 1922 ὑπάρχει.
1355 1840 1497 1900 Ἀλλ’
1534 1838 1671 1904 ὅπως
1711 1842 1839 1915 ἡμῖν
1884 1839 2034 1919 τείχη
2066 1840 2315 1919 γένηται;

763 1932 875 1987 ἔστι
893 1930 983 1988 καὶ
1004 1935 1169 1988 ταῦτα
1192 1931 1250 1987 ἐκ
1271 1930 1363 1997 τῆς
1391 1924 1612 2006 εἰρήνης.
1698 1924 1837 1984 ’Ἀλλ
1865 1924 1950 1983 ἵνα
1978 1925 2204 2007 τριήρεις
2223 1927 2312 2007 ἐξῇ

763 2017 1138 2093 ναυπηγεῖσθαι
1180 2015 1270 2074 καὶ
1295 2013 1387 2080 τὰς
1424 2012 1581 2080 οὔσας
1610 2011 1962 2080 ἐπισκευάζειν
1991 2013 2089 2085 Ικαὶ
2118 2018 2314 2084 κεκτῆ-

766 2110 913 2174 σθαι;
941 2104 1029 2162 καὶ
1046 2108 1195 2162 τοῦτο
1219 2101 1475 2180 ὑπάρχει·
1502 2099 1595 2166 τὰς
1613 2098 1714 2179 γὰρ
1728 2100 1912 2209 περ’λεις
1927 2099 2241 2176 αὐτονόμους
2260 2104 2314 2158 αἱ

765 2196 1018 2263 συνθῆκαι
1044 2212 1300 2249 ποιουσιν.
1383 2190 1523 2247 '’Ai).
1553 2186 1695 2253 ὅπως
1729 2185 1823 2253 τὰς
1850 2186 2036 2257 νήσους
2076 2187 2313 2263 κομισώ-

772 2284 938 2355 μεθα,
964 2282 1175 2355 Λημνον
1200 2275 1364 2334 καὶῗ
1320 2298 1519 2354 ..κυρον
1559 2273 1648 2332 καὶ
1670 2272 1918 2380 Ἴμὸρον,
1950 2277 2130 2332 οὔκουν
2165 2277 2312 2355 διαρ-

687 2383 743 2421 ω
769 2352 1878 2446 ρήδηνγέγραπταιταύταςἱθηναιωνειναι
1898 2360 2312 2442 (15)Φερε,αλλὰ

761 2452 1087 2560 Χερρόνησον
1106 2450 1194 2508 καὶ
1212 2449 1303 2514 τὰς
1323 2447 1559 2513 ἀποικίας
1592 2446 1682 2505 καὶ
1699 2445 1767 2504 τὰ
1804 2446 2108 2523 ἐγκτήματα
2133 2472 2223 2505 και
2245 2448 2312 2506 τά

759 2538 891 2620 χρέα
926 2537 1012 2596 ἵνα
1033 2536 1352 2612 ἀπολάὸωμε
1355 2557 1413 2606 ν,
1443 2535 1557 2591 ἀλλ’
1581 2532 1696 2590 οὔτε
1719 2532 1959 2610 βασιλευς
1980 2532 2096 2591 οὗτε
2119 2538 2166 2592 οἱ
2186 2534 2313 2612 σύμ·

762 2649 926 2705 μαχοι
943 2629 1294 2705 συγχωροῦσιν
1321 2625 1467 2698 ἡμῖν,
1489 2620 1600 2696 μεθ’
1627 2612 1699 2678 ων
1711 2619 1843 2677 αὐτὰ
1868 2621 1943 2677 δεῖ
1959 2621 2312 2696 πολεμουντας

758 2717 1069 2788 κτήσασθαι.
1085 2710 1239 2772 Ἀλλὰ
1242 2710 1311 2789 νὴ
1328 2709 1428 2769 Δία
1439 2706 1574 2773 Eme*
1549 2731 1611 2765 αν
1624 2706 2063 2783 Λακεδαιμονίους
2078 2731 2308 2768 καταπο·

759 2796 1073 2877 λεμήσωμεν
1098 2800 1188 2858 καὶ
1234 2797 1348 2864 τους
1389 2794 1700 2873 συμμάχους
1734 2796 1922 2867 αὑτων,
1946 2795 2101 2873 μέχρι
2127 2795 2309 2856 τούτου

760 2882 836 2939 δεῖ
872 2888 1151 2963 πολεμεῖν;
1181 2885 1295 2944 ἀλλ’
1323 2883 1383 2941 οὗ
1409 2906 1498 2959 μοι
1535 2884 1674 2940 δοκεῖ
1701 2881 1837 2941 οὕτω
1868 2883 2307 2962 παρεσκευάσθαι.

675 2993 730 3031 25
758 2974 887 3035 Ἐὰν
912 2974 965 3033 δὲ
980 2975 1081 3056 ἄρα
1096 2970 1539 3053 κατεργασώμεθα
1559 3014 1577 3047 ,
1618 2969 1669 3027 τί
1696 2992 1823 3028 ποτε
1860 2971 2006 3028 αὐτοὶ
2040 2970 2309 3030 πείσεσθαι

753 3062 1003 3137 δοκουμεν
1026 3062 1128 3119 ὑπὸ
1145 3085 1245 3118 των
1265 3058 1563 3138 βαρὸάρων,
1577 3057 1700 3115 ὅταν
1711 3080 1878 3115 ταυτα
1897 3057 2199 3137 πράξωμεν;
2218 3063 2306 3137 (ιο)

755 3152 825 3209 Εἰ
848 3150 1015 3207 τοίνυν
1042 3172 1160 3227 περι
1187 3146 1367 3205 τούτου
1393 3145 1485 3222 μὲν
1512 3144 1615 3203 ἔδει
1648 3146 1916 3221 πολεμεῖν,
1956 3146 2209 3224 χρήματα
2251 3147 2305 3205 δὲ

757 3241 986 3316 ὑπῆρχεν
1014 3239 1139 3311 ἡμῖν
1164 3234 1349 3306 ἱκανά,
1386 3236 1492 3299 τοῖς
1519 3231 1573 3290 δὲ
1616 3230 1855 3308 σώμασιν
1894 3224 2028 3307 ἦμεν
2066 3235 2304 3308 δυνατοί,

755 3325 873 3383 οὐδὲ
892 3347 1053 3390 ουτως
1084 3324 1186 3381 ἔδει
1211 3323 1475 3396 πολεμεῖν.
1560 3321 1627 3378 Et
1665 3318 1720 3376 δὲ
1759 3319 1891 3395 μήτε
1937 3320 2002 3377 δι’
2037 3319 2143 3378 ὅτι
2170 3321 2304 3398 μήτε

752 3410 914 3470 ὅτοισι
937 3411 1068 3487 μήτε
1106 3412 1196 3491 ἀφ’
1233 3408 1350 3466 ὅτου
1377 3408 1757 3484 πολεμήσωμεν
1799 3406 1940 3484 ἐστι,
1967 3410 2079 3474 πῶς
2109 3409 2203 3466 οὐκ
2245 3412 2305 3468 ἐκ

752 3498 943 3564 παντὸς
970 3498 1160 3577 τρόπου
1178 3494 1272 3566 τὴν
1300 3497 1344 3553 εἰ
1377 3496 1505 3566 ήνην
1533 3493 1772 3565 ποιητέον
1793 3497 1950 3569 ἡμῖν,

837 3608 906 3647 17.
930 3588 1202 3667 Σκίψασθε
1225 3583 1301 3662 δέ,
1326 3610 1370 3644 ω
1387 3585 1669 3662 Ἀθηναῖοι,
1690 3581 1779 3640 καὶ
1789 3582 1925 3653 τόδε,
1947 3579 2025 3639 ὅτι
2048 3583 2154 3641 νυνὶ
2170 3593 2300 3652 πᾶσι
2353 3585 2354 3594 ’

673 3690 730 3730 30
753 3679 857 3743 τοῖς
879 3672 1113 3745 Ἕλλησι
1139 3672 1312 3743 κοινὴν
1339 3672 1545 3752 εἰρήνην
1566 3670 1658 3728 καὶ
1696 3668 1986 3749 ἐλευθερίαν
2012 3670 2296 3751 πράττετε,

744 3764 833 3822 καὶ
864 3763 1099 3841 μετέχειν
1122 3762 1286 3820 ἅπασι
1306 3761 1515 3819 πάντων
1549 3757 1787 3826 ἐξουσίαν
1817 3766 2031 3818 ποιεῖτε.
2115 3758 2297 3818 Ἐνθυ-

745 3851 941 3927 μήθητε
976 3844 1061 3909 οῧν
1104 3855 1207 3908 τῶν
1234 3850 1434 3907 πόλεων
1457 3846 1549 3913 τὰς
1595 3845 1844 3924 μεγίστας
1875 3845 1974 3902 τίνι
2004 3845 2182 3925 τρόπῳ
2205 3848 2294 3903 τὸν

740 3939 968 4015 πόλεμον
1011 3937 1359 3997 καταλύονται
1375 3960 1387 3973 ·
1427 3939 1631 4014 πρῶτον
1674 3934 1769 4010 μὲν
1817 3934 2259 4008 Λακεδαιμονίους
2274 3978 2289 4005 ,

748 4028 927 4093 οἵτινες
947 4027 1221 4108 ἀρχόμενοι
1240 4028 1379 4099 μὲν*
1353 4028 1480 4101 ημῖν
1502 4023 1707 4088 καὶτοῖς
1729 4022 2024 4098 συμμάχοις
2048 4022 2293 4095 πολεμεῖν

747 4140 815 4196 ηρ
816 4139 911 4195 χον
940 4113 1177 4172 καὶκατὰ
1196 4117 1292 4190 γῆν
1314 4111 1403 4169 καὶ
1430 4109 1566 4168 κατὰ
1585 4110 1862 4180 θάλατταν,
1881 4113 1968 4164 ν’ῡν
1987 4108 2030 4162 δ’
2048 4110 2219 4173 αὐτοῖς
2237 4110 2294 4165 ἐκ

746 4228 839 4273 της
866 4201 1067 4282 εἰρήνης
1096 4200 1355 4277 οὐδέτερον
1387 4196 1579 4254 τούτων
1604 4194 1848 4273 ὑπάρχει.

668 4379 921 4449 ’ὅπάσης
947 4381 1038 4447 τῆς
1067 4372 1339 4439 Ἑλλάδος.
1424 4372 1515 4451 (18)
1561 4367 1883 4437 Νενικήκασι
1929 4366 2030 4447 γὰρ
2052 4390 2159 4446 τρις
2188 4370 2290 4442 ἤδη

744 4464 1062 4544 μαχόμενοι,
1080 4459 1195 4519 τότε
1220 4456 1314 4536 μὲν
1344 4461 1395 4516 ἐν
1418 4456 1649 4537 Κορίνθῳ
1670 4456 1869 4522 πάντας
1895 4456 2156 4529 πανδημεὶ
2180 4456 2294 4523 τοὺς

742 4551 1052 4631 συμμάχους
1105 4547 1393 4627 παρόντας,
1463 4548 1561 4622 οὐχ
1630 4543 1963 4609 ὑπολιπόντες
2034 4545 2292 4624 πρόφασιν

741 4641 1001 4719 οὐδεμίαν,
1053 4638 1170 4697 ἀλλ’
1224 4638 1276 4694 ἐν
1317 4639 1394 4693 τῶ
1443 4632 1796 4713 κρατιστεύειν
1862 4632 2007 4709 μόνοι
2064 4633 2289 4707 πάντων,

741 4721 884 4795 αυθις
921 4729 965 4787 δ’
1012 4731 1064 4786 ἐν
1097 4724 1368 4796 Βοιωτοῖς,
1413 4720 1487 4779 ὅτ’
1527 4724 1695 4778 αὐτῶν
1733 4721 2036 4798 Ἀγησίλαος
2076 4724 2288 4799 ἡγεῖτο,

739 4817 825 4875 τὸν
856 4817 1009 4874 αὐτὸν
1031 4814 1221 4895 τρόπον
1250 4810 1341 4869 καὶ
1362 4809 1480 4867 τότε
1504 4808 1600 4879 τὴν
1621 4807 1766 4878 νίκην
1806 4806 2144 4880 ἐποιήσαντο,
2171 4809 2286 4888 τρί-

737 4926 824 4962 τον
868 4904 911 4961 δ’
939 4903 1093 4973 ἡνίκα
1116 4900 1352 4979 Λέχαιον
1381 4895 1588 4969 ἔλαὸον,
1617 4893 1875 4973 Ἀργείους
1917 4893 2012 4970 μὲν
2054 4893 2288 4963 ἅπαντας

737 4989 826 5048 καὶ
857 4987 1151 5068 Κορινθίους
1167 5030 1181 5057 ,
1205 4989 1355 5062 ἡμῶν
1378 4985 1432 5043 δὲ
1458 4984 1547 5042 καὶ
1587 4984 1827 5041 Βοιωτων
1846 4981 1963 5047 τοὺς
2004 4980 2282 5058 παρόντας.

655 5096 710 5136 40
741 5085 826 5156 (19)
853 5080 1087 5137 Ἰοιαυτα
1125 5074 1169 5130 δ’
1211 5072 1340 5155 ἔργα
1385 5071 1760 5148 ἐπιδειξάμενοι
1787 5067 1883 5141 τὴν
1920 5069 2127 5148 εἰρήνην
2156 5070 2283 5128 εἰσὶν

739 5162 936 5240 ἕτοιμοι
963 5164 1219 5219 ποιεῖσθαι
1240 5162 1333 5231 τὴν
1363 5158 1608 5219 ἐαυτῶν“’
1579 5181 1807 5240 εχοντες,
1834 5156 1884 5215 οἳ
1901 5157 2080 5214 ἐνίκων
2109 5156 2282 5235 μαχό-

740 5273 912 5331 μενοι,
940 5249 1029 5307 καὶ
1045 5247 1134 5313 τὰς
1156 5247 1330 5314 πόλεις
1360 5249 1670 5325 αὐτονόμους
1692 5239 1822 5306 εἶναι
1849 5246 1938 5303 καὶ
1966 5243 2061 5316 τὴν
2084 5246 2281 5302 θάλατ-

732 5363 829 5399 ταν
850 5340 1022 5409 κοινὴν
1051 5338 1231 5403 ἐῶντες
1258 5336 1360 5402 τοῖς
1391 5336 1716 5413 ἡττημένοις.
1803 5333 1988 5394 Καίτοι
2021 5333 2173 5400 ποίας
2197 5357 2284 5391 τι·

1214 667 1648 728 ΑΝΔΟΚΙΔΟΥ
1689 668 1740 727 Ο
1783 667 1965 728 ΠΕΡΙ
2004 668 2158 728 ΤΗΣ
2202 670 2410 731 ΠΡΟΣ
2448 673 3136 738 ΛΑΚΕΔΑΙΜΟΝῙΟΥΣ
3182 679 3538 743 ΕΙΡΗΝΗΣ.
3596 669 3611 682 ’

1536 1317 1720 1392 Ἡμεῖς
1749 1317 1920 1376 τοίνυν
1953 1319 2098 1378 αυτοί
2119 1343 2175 1379 τε
2202 1323 2319 1393 ἠδι-
2369 1374 2370 1389 ,

2369 1426 2370 1433 1
2409 1413 2503 1461 que
2521 1400 2659 1450 nobis
2675 1404 2927 1452 evenerat:
2950 1406 2999 1451 et
3016 1403 3103 1465 ipsi
3122 1403 3227 1454 laesi
3244 1405 3492 1456 fueramus
3508 1407 3716 1471 injuriis,
3731 1412 3783 1460 et
3794 1414 3960 1464 Boeotis

2354 1999 2355 2003 Ἰ
2406 1946 2717 2004 cuperemus?
2778 1946 2924 2006 Atqui
2943 1957 3036 2007 pax
3055 1959 3225 1996 eorum
3243 1948 3429 2009 copiam
3441 1948 3583 1999 nobis
3602 1950 3739 2000 tacit.

3740 685 3947 769 (ΜΒ-κ)

2414 825 2582 873 pacem
2600 814 2869 876 reipublicae
2884 815 3028 865 saluti
3048 829 3150 866 esse
3163 816 3383 881 viresque
3399 818 3604 882 addere,
3630 820 3815 878 bellum
3830 838 3953 876 erer-

2412 902 2513 949 tere
2531 900 2797 950 libertatem
2815 902 3022 952 civilem.
3043 905 3105 953 nt
3126 904 3232 953 haec
3248 905 3447 967 quidem
3472 907 3726 960 hactenus.

2478 992 2550 1036 13.
2563 988 2847 1037 Bellandum
2863 992 3025 1039 autem
3043 989 3181 1040 nobis
3197 1003 3317 1054 esse,
3333 1005 3490 1055 quum
3502 993 3625 1059 siut,
3639 996 3955 1062 Anne-ima,

2410 1074 2493 1135 qui
2516 1074 2647 1124 aiant
2676 1094 2688 1124 ε
2714 1088 2799 1137 age
2820 1089 3124 1138 quaeramus,
3156 1091 3419 1141 quamnam
3444 1081 3647 1132 tandem
3675 1084 3742 1133 ob
3770 1097 3957 1138 caum

2411 1160 2660 1211 bellemus.
2682 1164 2911 1212 Mortales
2924 1200 2939 1223 ‚
2962 1164 3013 1212 ui
3032 1165 3193 1226 fallor,
3210 1179 3381 1217 omnes
3396 1167 3446 1216 in
3460 1181 3520 1218 eo
3537 1172 3881 1232 consentiunt,
3908 1175 3958 1224 ιι

2409 1241 2538 1292 aiant
2553 1280 2569 1305 ‚
2591 1243 2773 1293 bellum
2791 1258 2850 1294 eo
2867 1257 2969 1294 esse
2985 1246 3343 1308 suscipiendum
3357 1284 3373 1309 ,
3392 1260 3493 1310 quo
3515 1252 3602 1300 aut
3624 1252 3868 1315 depellant
3888 1254 3956 1302 in·

2405 1323 2555 1383 iurias
2567 1323 2655 1373 sibi
2674 1324 2858 1375 oblatas
2870 1328 2955 1375 aut
2969 1328 3023 1375 ιιι
3036 1327 3140 1375 aliis
3155 1331 3443 1378 succurrant
3459 1330 3560 1379 vim
3575 1333 3742 1394 passis.
3780 1337 3959 1387 umm-

2408 1477 2605 1538 injurias
2634 1478 2784 1540 passis
2803 1479 3176 1529 auxiliabamur.
3244 1481 3428 1538 Quodsi
3462 1497 3575 1547 ergo
3606 1488 3660 1535 et
3694 1491 3873 1538 nostrae
3892 1503 3960 1539 m

767 1582 878 1641 κέτι
910 1583 1197 1639 ἀδικεῖσθαι
1213 1622 1229 1651 ,
1251 1582 1495 1645 Βοιωτοῖς
1516 1601 1570 1635 τε
1592 1576 1825 1636 δέδοκται
1843 1582 2101 1637 ποιεῖσθαι
2128 1580 2221 1651 τὴν
2243 1585 2317 1639 εἶ-
2369 1618 2370 1626 1
2408 1567 2518 1602 eum
2533 1557 2645 1604 sunt
2660 1569 2708 1603 ¹¹¹
2727 1556 2887 1604 ¹⁰c¹¹m
2902 1556 3148 1618 κωπίω
3165 1568 3279 1605 ⁰⁰¹⁰
3296 1557 3690 1624 Lacedaem‘miss’
3711 1565 3769 1612 υἱ
3780 1564 3848 1613 ¹¹³¹
3867 1565 3958 1627 5³¹²

2406 1630 2469 1679 sit
2485 1643 2573 1679 cur
2607 1634 2880 1682 metuamus
2896 1646 2956 1681 ne
2976 1632 3025 1681 in
3041 1635 3286 1695 posterum
3315 1647 3568 1698 vexemur,
3590 1641 3641 1687 et
3664 1641 3821 1689 Boeoti
3837 1642 3877 1691 si
3892 1642 3961 1693 ‹le-

2408 1710 2661 1757 creverunt
2674 1746 2689 1770 ,
2712 1709 3016 1759 Orchomeno
3030 1710 3078 1758 in
3097 1709 3365 1761 libertatem
3384 1713 3678 1764 remittenda
3702 1716 3850 1767 linem
3872 1717 3959 1768 dis·

2407 1784 2676 1833 cordiarum
2690 1787 2865 1846 facere,
2884 1785 3002 1848 quid
3012 1799 3173 1850 porro,
3194 1800 3376 1851 quoeso,
3396 1789 3667 1842 bellemus?
3700 1793 3803 1856 (1⁴)
3822 1809 3955 1858 num,

2405 1876 2502 1923 quo
2512 1877 2636 1931 resp.
2659 1865 2796 1914 nobis
2813 1865 2963 1914 libera
2979 1866 3071 1915 sit?
3121 1867 3269 1927 Atqui
3287 1871 3381 1918 est.
3397 1872 3545 1931 Num,
3563 1884 3667 1933 quo
3686 1875 3867 1923 moenia
3883 1888 3956 1924 re·

3803 1954 3867 2004 At
3906 1955 3957 2002 ιιι

2404 2019 2602 2067 classem
2626 2020 2764 2069 nobis
2780 2020 2920 2071 liceat
2937 2022 3161 2084 condere,
3175 2036 3416 2085 navesque
3436 2038 3548 2087 quoe
3564 2025 3667 2087 jam
3693 2030 3810 2078 sunt
3826 1990 3954 2092 repn-

2404 2110 2510 2146 rare
2527 2099 2577 2147 et
2595 2097 2702 2157 jure
2723 2100 2920 2149 tenere?
2934 2100 3079 2162 Atqui
3101 2101 3244 2151 etiam
3258 2101 3350 2150 boc
3368 2102 3481 2151 licet
3496 2116 3508 2150 ε
3522 2115 3636 2152 nam
3653 2108 3798 2166 pacta
3816 2110 3872 2156 ut
3888 2108 3955 2157 sui

2399 2173 2520 2234 juris
2540 2175 2636 2224 siut
2655 2175 2870 2225 civitates
2883 2176 3072 2237 iubent.
3136 2180 3198 2227 At
3220 2177 3327 2226 ideo
3345 2179 3509 2227 tamen
3523 2180 3695 2243 utique
3708 2181 3953 2244 bellemus,

2402 2264 2501 2313 quo
2520 2252 2698 2301 insulas
2715 2265 3076 2314 recuperemus»,
3099 2255 3332 2303 Lemnum
3351 2256 3399 2304 et
3417 2258 3623 2317 Scyrum
3645 2261 3696 2307 et
3715 2260 3953 2310 Imbrum?

2403 2329 2583 2377 Verum
2631 2328 2680 2378 in
2728 2329 3077 2379 conditionibus
3125 2328 3258 2393 pacis
3296 2332 3529 2393 expressis
3572 2333 3736 2384 verbis
3767 2340 3951 2387 cautum

2402 2407 2474 2454 est
2486 2442 2501 2466 ,
2523 2405 2611 2454 has
2625 2405 2979 2456 Atheniensium
2998 2408 3116 2457 sore.
3183 2408 3278 2469 (15)
3309 2413 3383 2457 An
3397 2406 3608 2471 denique
3624 2411 3886 2475 hellenus,
3902 2419 3953 2465 ιιι

2402 2483 2752 2532 Chersonesum
2771 2485 3053 2545 nostr-afflue
3064 2483 3131 2532 ibi
3155 2483 3369 2533 colonias
3386 2487 3434 2533 et
3456 2488 3784 2547 possessiones
3802 2493 3851 2539 οι
3863 2504 3952 2541 m

2402 2560 2539 2610 nobis
2559 2561 2714 2611 debita
2739 2564 3106 2623 recuperemus?
3125 2563 3268 2624 Atqui
3284 2575 3371 2612 rex
3389 2566 3650 2615 Persarum
3663 2566 3950 2631 intercedet,

2402 2640 2613 2701 itemque
2633 2641 2747 2689 socii
2771 2640 2948 2701 nostri,
2967 2640 3070 2689 sine
3104 2653 3311 2702 quorum
3327 2641 3509 2690 auxilio
3530 2642 3625 2692 ista
3642 2644 3862 2696 obtinere
3876 2661 3951 2698 no-

2400 2717 2609 2779 quimus.
2674 2719 2736 2767 At
2753 2716 3026 2766 bellandum
3045 2716 3240 2779 utique,
3259 2717 3445 2767 medius
3470 2718 3643 2783 fidius,
3667 2723 3765 2772 erit
3778 2759 3794 2785 ,
3808 2722 3950 2774 donec

2401 2794 2785 2843 Lacedaemonios
2815 2806 3080 2856 eorumque
3108 2794 3264 2843 socios
3294 2793 3732 2848 debellaverimus?
3812 2801 3949 2864 Atqui

2399 2887 2495 2922 non
2520 2872 2709 2922 videtur
2735 2872 2852 2922 mihi
2892 2885 3053 2922 rerum
3085 2874 3357 2922 nostrarum
3388 2884 3446 2922 ea
3479 2887 3583 2925 esse
3624 2878 3783 2939 ratio,
3824 2881 3879 2928 ut
3904 2879 3949 2928 id

2399 2953 2536 3001 nobis
2562 2952 2698 3001 facile
2731 2951 2810 3002 sit.
2865 2954 2929 3001 At
2967 2952 3044 3000 sac
3082 2953 3243 3001 tamen
3269 2966 3493 3014 prospere
3534 2954 3629 3005 hoc
3672 2957 3924 3008 succedere
3932 2974 3948 3018 3

2408 3041 2520 3090 quae
2544 3032 2647 3077 tum
2682 3029 2819 3078 nobis
2849 3030 2991 3077 erunt
3012 3040 3042 3075 a
3065 3028 3281 3077 barbaris
3305 3029 3583 3080 toleranda!
3648 3031 3753 3096 (16)
3788 3033 3948 3097 Finga-

2397 3118 2504 3154 mus
2523 3104 2624 3165 jam
2643 3142 2658 3166 ,
2692 3105 2873 3155 hancce
2906 3107 3021 3157 belli
3055 3118 3248 3155 causam
3279 3118 3407 3166 esse,
3440 3108 3492 3155 et
3520 3111 3705 3169 prmo
3739 3123 3841 3162 esse
3870 3124 3948 3174 pe·

2349 3193 2358 3202 ²
2395 3183 2647 3231 cuniarum
2662 3182 2793 3244 quod
2809 3184 2923 3232 satis
2944 3184 3030 3242 sit,
3050 3184 3258 3245 virisque
3280 3195 3367 3230 uos
3392 3181 3566 3234 llorere
3592 3187 3644 3235 et
3667 3185 3911 3238 abundare
3935 3204 3948 3238 τ

2394 3261 2444 3307 at
2457 3273 2544 3320 ego
2561 3262 2720 3308 tamen
2735 3259 2811 3307 vel
2831 3261 2899 3308 sic
2915 3260 3189 3332 bellandum
3209 3272 3311 3308 esse
3328 3272 3514 3322 negem.
3570 3263 3718 3319 Quod
3736 3264 3778 3313 εἰ
3794 3270 3947 3315 autem

2391 3353 2550 3402 neque
2565 3353 2708 3389 causa
2730 3341 2934 3390 bellandi
2952 3343 3028 3390 'est
3043 3341 3213 3390 idonea
3228 3353 3384 3401 neque
3402 3341 3494 3390 viri
3512 3345 3632 3392 sunt
3648 3358 3808 3407 neque
3822 3360 3948 3398 arma

2391 3435 2547 3484 neque
2585 3423 2801 3483 pecuniae
2812 3458 2829 3484 ,
2853 3426 2938 3485 qul
2966 3423 3065 3483 iam
3093 3434 3190 3471 non
3221 3421 3315 3470 erit
3348 3421 3489 3471 nobis
3522 3434 3625 3486 pax
3652 3428 3791 3477 omni
3812 3431 3949 3491 poeto

2391 3503 2597 3552 ineunda
2609 3504 2631 3551 i·

2458 3596 2532 3641 17.
2570 3592 2723 3639 Etiam
2754 3591 2873 3652 hoc,
2900 3592 3236 3653 Athenienses,
3264 3591 3485 3642 meditari
3527 3606 3617 3644 vos
3667 3596 3849 3660 velim,
3876 3599 3947 3662 agi

2389 3697 2517 3733 nunc
2543 3697 2573 3732 a
2595 3683 2730 3732 vobis
2750 3683 2844 3732 hoc
2857 3720 2872 3744 ‚
2897 3686 2951 3733 ut
2974 3697 3140 3746 pacem
3165 3684 3535 3747 libertatemque
3555 3688 3753 3737 cunctis
3771 3691 3948 3742 Greci·

2388 3790 2690 3828 communem
2704 3778 2915 3839 pariatis,
2931 3790 3190 3838 rerumque
3204 3780 3350 3839 atque
3357 3776 3541 3837 jurium
3556 3781 3945 3832 communionem

2385 3871 2601 3920 omnium
2625 3869 2850 3919 omnibus
2880 3868 3182 3931 impertiatis.
3223 3868 3497 3930 Recogitate
3518 3869 3700 3933 modo,
3730 3873 3951 3923 civitates

2385 3963 2622 4024 primariae
2639 3976 2736 4024 quo
2752 3963 2894 4024 pacto
2908 3961 3088 4010 bellum
3103 3972 3388 4022 componere
3406 3960 3587 4021 pmtae
3601 3963 3719 4012 sint.
3786 3965 3953 4014 Primo

2342 4096 2343 4099 ,
2384 4057 2489 4105 loco
2512 4054 2898 4104 Lacedaemonios
2931 4054 3176 4115 spectate:
3210 4053 3392 4102 bellum
3413 4053 3462 4102 bi
3484 4052 3722 4106 adversus
3751 4069 3844 4106 nos
3872 4070 3953 4107 so-

1940 4193 2049 4254 Καὶ
2079 4196 2179 4271 οὐχ
2206 4198 2292 4275 “²²1'’
2333 4184 2345 4241 γ]
2383 4150 2574 4212 ciosque
2590 4150 2781 4197 nostros
2803 4145 3105 4196 exordientes
3129 4145 3451 4209 principatum
3474 4146 3605 4194 terra
3628 4148 3851 4211 marique
3870 4149 3955 4198 ω.

748 4295 897 4367 ἡμῶν
924 4286 1331 4365 ἀναγκαζόμενοι
1356 4285 1499 4342 ταῦτ
1523 4286 1751 4363 ἀφιᾶσιν
1780 4283 1895 4338 ἀλλ.
1919 4281 2005 4337 ἐπ,
2032 4283 2292 4363 ἐλευθερία
2333 4248 2336 4325 j
2384 4240 2585 4300 nebant3
2605 4251 2750 4301 quem
2774 4249 2906 4286 nunc
2927 4249 3016 4298 Per
3041 4235 3166 4285 hanc
3187 4248 3355 4298 paoem
3388 4238 3648 4299 amittunt,
3670 4251 3771 4288 non
3790 4240 3950 4290 coacti

2381 4333 2526 4383 armis
2546 4330 2717 4381 vestris
2735 4367 2749 4391 ‚
2768 4328 2851 4378 sed
2882 4328 3093 4377 libertati
3122 4328 3361 4376 universae
3394 4327 3598 4376 Groeciae
3620 4341 3738 4378 eum
3758 4330 3947 4380 condo·

2380 4425 2565 4472 nantes.
2630 4421 2728 4483 (18)
2759 4420 2890 4470 Bello
2911 4420 3040 4468 enim
3073 4417 3227 4467 tribus
3255 4417 3355 4479 iam
3380 4416 3557 4479 praeliis
3571 4418 3938 4483 viceruntmri·

2381 4528 2513 4565 mum
2536 4512 2665 4575 apud
2697 4510 3013 4567 Corinthum,
3042 4508 3125 4557 ubi
3145 4508 3302 4558 socios
3319 4509 3507 4558 nostros
3529 4521 3705 4560 omnes
3725 4510 3776 4560 in
3797 4508 3938 4560 armis

2329 4631 2332 4649 u
2379 4608 2662 4668 praesentes,
2687 4603 2790 4652 sola
2812 4602 2993 4650 virtute
3015 4613 3104 4650 sua
3127 4599 3314 4649 cunctis
3332 4598 3698 4661 pra-ponentes,
3721 4600 3789 4650 ita
3807 4601 3928 4650 vice·

2378 4700 2517 4759 runt,
2537 4699 2594 4745 ut
2607 4696 2746 4744 victis
2758 4693 3116 4744 excusationem
3134 4691 3319 4740 nullam
3334 4689 3666 4752 relinquerent
3679 4708 3695 4753 ;
3711 4692 3923 4742 rursusin

2378 4790 2578 4850 Boeotia,
2589 4789 2711 4838 duce
2723 4786 2956 4848 Agesilao,
2971 4784 3140 4834 eodem
3160 4781 3304 4831 modo
3318 4781 3574 4830 victoriam
3589 4781 3920 4845 deportatum

2378 4882 2518 4933 tertio
2536 4880 2742 4942 denique
2758 4878 2924 4941 praelio
2936 4914 2951 4940 ,
2968 4890 3066 4939 quo
3084 4874 3284 4925 Lecboeo
3302 4873 3441 4936 potiti
3454 4874 3571 4923 sunt
3585 4909 3602 4935 ,
3617 4874 3918 4938 Argivosqui·

2378 4976 2484 5025 dem
2522 4975 2571 5023 et
2592 4970 2867 5022 corinthios
2903 4970 3105 5017 cunctos
3117 5002 3133 5028 ,
3174 4968 3449 5015 nostrarum
3487 4968 3656 5014 autem
3689 4966 3919 5030 copiarum

2378 5066 2791 5125 Boeoticarumque
2809 5062 3048 5125 quotquot
3067 5060 3184 5107 tunc
3201 5056 3401 5106 aderant
3414 5093 3429 5118 ,
3447 5054 3756 5106 devicerunt.
3822 5056 3911 5117 (19)

2378 5163 2458 5211 His
2495 5158 2640 5208 tantis
2681 5155 2821 5205 editis
2844 5153 3160 5213 facinoribus,
3190 5149 3540 5200 Lacedaemonii
3576 5148 3695 5198 belli
3730 5148 3921 5198 victum

2374 5266 2539 5316 pacem
2557 5253 2719 5301 tamen
2738 5246 3012 5297 vobiscum
3000 5246 3119 5294 mire
3133 5242 3288 5306 parati
3301 5243 3413 5291 sunt
3442 5240 3521 5290 his
3537 5240 3754 5303 legibus,
3773 5242 3827 5290 ιιι
3843 5236 3919 5301 ἱραί

2325 5345 2603 5425 ditionem
2638 5354 2776 5392 suam
2813 5341 2997 5391 salvam
3027 5336 3264 5397 habeant,
3298 5335 3355 5385 ut
3374 5332 3578 5396 reliquae
3602 5332 3825 5384 civitates
3851 5340 3921 5380 ειιι
