4467 6542
337 668 372 721 74
670 654 888 716 ΛΝΔΟΚΙΔΟΥ
905 655 930 714 0
952 656 1043 715 ΠΕΡΙ
1062 656 1140 715 ΤΗΣ
1161 656 1315 716 nullut
1330 655 1518 717 aleuaui.
1793 657 1931 750 (ur—eo)

292 802 321 843 ao
331 784 428 844 τούτων
444 780 550 848 δικαίως
563 778 641 857 τιμὴν
656 781 742 847 αὐτοῖς
757 801 813 838 τινα
828 779 922 860 μέρειν.
964 780 1043 855 Ἐμοί
1056 780 1107 857 δά,
1155 779 1424 843 (ίῑθῑῑνῑθθίθίθᾱῑθῑθθθ
1434 779 1930 848 Videmfifflfflhllmlffllumsspw·

333 863 356 931 ὦ
370 871 476 951 ἄνδρες,
490 868 582 946 καὶτῷ
593 867 690 949 πρώτῳ
706 873 781 925 τοῦτο
791 867 887 925 εἰπόντι
896 870 975 947 ὀρθῶς
989 870 1060 926 δοκεῖ
1067 870 1107 926 εἰ·
1155 877 1247 927 silerum
1262 864 1489 915 tumodadversam
1499 864 1697 914 tortunemnaaci
1707 884 1714 914 τ
1725 866 1763 916 ert
1774 868 1859 916 antun
1869 880 1933 918 error

335 964 442 1040 ρῆσθαι,
457 955 496 1014 ὅτι
512 955 607 1022 πάντες
627 954 758 1032 ἄνθρωποι
769 954 882 1031 γίνονται
904 954 947 1011 ε’πί
968 959 1005 1035 τῷ
1019 947 1048 1013 εδ
1062 955 1108 1015 καλ
1157 953 1184 1002 ln
1202 954 1329 1016 generibus
1344 953 1451 1004 adversm
1461 955 1565 1004 sonuum
1575 955 1717 1018 praecipuis,
1749 956 1784 1020 (ο)
1797 960 1934 1021 atquem

333 1048 420 1109 κακῶς
433 1040 567 1122 πράττειν,
582 1039 684 1117 μεγάλη
699 1038 726 1097 δὲ
746 1039 828 1109 δήπου
848 1039 892 1096 καλ
910 1040 939 1097 τθ
956 1039 1110 1122 ἐξαμαρτεῖν
1156 1045 1285 1096 felicissimi
1293 1044 1735 1108 quidembi,quibmqnammffime
1743 1049 1933 1117 mmmm,

334 1128 478 1210 δυσπραξία
491 1130 563 1202 ἐστί,
577 1129 608 1203 (ο)
623 1126 665 1184 καί
677 1128 740 1183 είσιν
755 1125 937 1203 εὐτυχέστατοι
954 1125 1000 1202 μὲν
1010 1130 1034 1183 αἱ
1048 1125 1111 1185 ἐλά·
1158 1132 1335 1194 prudentissimi
1353 1134 1434 1182 autem
1452 1132 1494 1194 qui
1511 1132 1626 1182 citissirua
1647 1133 1770 1186 ducantur
1787 1139 1932 1200 μεοιῖεωςῑα,

333 1241 413 1300 χιστα
425 1214 642 1293 ἐξαμαρτάνοντες
653 1260 661 1290 ,
672 1211 877 1291 σωμρονέστατοι
885 1213 913 1272 δέ
923 1214 948 1272 οἳ
956 1213 987 1273 διν
997 1213 1110 1292 τάχιστα
1158 1220 1297 1271 Communis
1306 1220 1358 1270 burc
1367 1222 1404 1270 est
1412 1222 1453 1269 lex
1465 1219 1631 1283 humanitatis,
1640 1234 1655 1270 ε
1664 1235 1714 1285 qua
1727 1236 1802 1274 nano
1810 1230 1935 1289 exemptus

334 1303 557 1382 perspicientium.
599 1299 654 1359 Καὶ
675 1305 757 1357 ταῦτα
774 1301 804 1358 οὐ
818 1299 978 1381 διακέκριται
995 1310 1048 1367 τοῖς
1065 1297 1112 1374 μέν
1157 1305 1561 1369 est;sodtataieomnibusomniuo
1570 1301 1935 1371 est,ut'aliquuinr012bmm

334 1392 459 1469 γίνεσθαι,
476 1396 528 1452 τοῖς
543 1385 569 1443 δὲ
583 1385 631 1463 μή,
644 1387 702 1444 ἀλλ’
719 1385 787 1444 ἔστιν
799 1387 825 1443 ἐν
839 1391 877 1466 τῷ
886 1391 964 1466 κοινῷ
976 1397 1053 1445 πᾶσιν
1069 1390 1114 1445 ἀν-
1158 1398 1182 1444 et
1194 1396 1273 1444 miseri
1283 1396 1338 1445 sint.
1349 1398 1508 1457 Quapropter,
1518 1394 1937 1461 Athenienses,demesibummiter

297 1498 322 1536 ao
335 1476 446 1559 θρώποις
458 1476 502 1532 καί
526 1473 678 1552 ἐξαμαρτεῖν
701 1496 726 1529 τι
741 1473 786 1531 καί
798 1478 885 1539 κακῶς
906 1472 1013 1554 πρᾶξαι.
1053 1464 1112 1532 Ὧν
1159 1480 1280 1535 natantis,
1301 1480 1436 1529 hsbmmini
1454 1482 1582 1542 tenuiores.
1591 1484 1639 1531 llos
1651 1482 1860 1536 enimmeoesuur
1874 1488 1935 1549 eius·

335 1564 426 1633 ίνεκα,
447 1552 470 1619 ὦ
488 1560 630 1630 Ἀθηναῖοι,
645 1561 667 1615 ελ
688 1559 852 1636 ἀνθρωπίνως
865 1561 925 1640 περί
942 1563 1005 1636 ἐμοῦ
1034 1558 1111 1637 γινώ-
1158 1567 1233 1628 modi,
1244 1568 1370 1629 utmquius
1388 1568 1470 1617 sitvos
1478 1581 1563 1617 earum
1574 1570 1781 1620 commiseratione
1789 1571 1857 1634 duci,
1866 1588 1936 1636 quam

334 1671 437 1724 σθθῑτῑν
459 1645 670 1724 tlllfffll'lml’t<
684 1646 924 1726 eupomoaa'eeepoi,
968 1646 1048 1725 (7)οθ
1062 1644 1112 1727 γθιρ
1159 1652 1320 1702 iislnvidero:
1354 1654 1384 1714 (7)
1396 1654 1427 1702 ad
1436 1654 1460 1702 ld
1469 1656 1533 1703 enim
1543 1654 1629 1704 deveni
1637 1657 1708 1706 sortis
1716 1655 1835 1721 adem,
1850 1661 1935 1711 siveid

334 1738 425 1818 φθόνου
437 1736 536 1811 μᾶλλον
553 1731 571 1801 ἢ
584 1731 670 1788 οἴκτου
685 1730 744 1797 ἄξιά
765 1732 810 1807 μοί
823 1734 878 1789 ἐστι
892 1731 925 1790 τδ
938 1732 1111 1809 γεγενημένα·
1157 1739 1278 1801 juventuti
1287 1740 1536 1802 atqueimprudentim
1545 1756 1606 1791 mem
1615 1744 1770 1793 tribuendum
1780 1749 1827 1809 eut,
1837 1748 1935 1811 sivepo-

334 1824 361 1889 8ε
373 1827 408 1889 εἷς
421 1826 541 1879 τοσοῦτον
555 1811 633 1890 ἦλθον
651 1822 696 1886 τῆς
714 1820 829 1889 ἐμαυτοῦ
850 1813 1047 1895 δυσδαιμονίας,
1064 1819 1115 1877 εἴτε
1159 1828 1241 1876 tentiae
1250 1840 1334 1876 eorum
1343 1828 1386 1889 qui
1395 1829 1599 1878 cohortationibus
1608 1830 1657 1880 suis
1666 1829 1696 1880 ad
1708 1832 1781 1881 istam
1790 1846 1831 1883 me
1843 1834 1935 1885 demm-

334 1908 386 1989 χρὴ
397 1909 476 1966 εἰπεῖν
490 1906 592 1976 νεότητί
605 1927 633 1961 τε
648 1905 692 1961 καλ
710 1904 800 1984 αἰνοίορ,
815 1904 865 1963 είτε
881 1906 926 1962 καί
944 1908 1050 1979 δυνάμει
1062 1910 1114 1964 τῶν
1160 1913 1218 1962 tiam
1228 1913 1375 1975 adegerunt,
1385 1916 1414 1964 ut
1424 1927 1472 1963 non
1481 1928 1575 1977 possem
1588 1917 1647 1979 quin
1656 1918 1718 1966 inter
1729 1917 1780 1967 duo
1789 1920 1855 1969 mals
1865 1922 1935 1971 mm.

334 1996 477 2055 πεισάντων
490 2016 523 2068 με
534 1995 615 2050 ἐλθεῖν
624 1994 660 2056 είς
674 1990 796 2062 τοιαύτην
804 1991 939 2072 συμφορὰν
949 1995 1115 2071 τῶνρρενῶν,
1160 2014 1200 2049 ma
1212 2000 1315 2049 alterum
1330 2003 1437 2062 optarem
1455 2020 1462 2050 τ
1477 2004 1588 2051 auctores
1601 2003 1664 2051 enim
1682 2004 1786 2054 istorum
1803 2006 1934 2056 facinorum

334 2083 394 2142 ὥστ’
408 2081 524 2158 ἀνάγκην
535 2102 579 2157 μοι
592 2078 710 2156 γενέσθαι
724 2079 792 2135 δυοῖν
804 2088 894 2137 κακοῖν
914 2083 968 2137 τοῖν
985 2079 1115 2156 μεγίστοιν
1160 2089 1179 2137 si
1192 2088 1292 2150 prodere
1303 2089 1392 2137 nollem
1401 2125 1408 2149 ,
1417 2102 1466 2138 non
1475 2088 1506 2138 de
1514 2102 1554 2139 me
1562 2090 1613 2139 solo
1622 2091 1775 2152 periclitabar
1785 2077 1935 2156 rante'quiu,

294 2192 322 2232 ao
334 2171 439 2248 θάτερον
452 2168 569 2237 ἑλέσθαι,
582 2165 599 2235 ἢ
613 2163 649 2239 μὴ
660 2165 808 2241 βουληθέντι
819 2174 950 2224 κατειπεῖν
962 2165 1018 2231 τοὺς
1031 2170 1112 2223 ταῦτα
1160 2176 1340 2225 υοοοεείῖοίοῖῖο
1350 2177 1449 2237 serente,
1459 2176 1519 2238 pati,
1529 2176 1650 2226 sedetiam
1659 2180 1752 2241 patrem
1761 2180 1854 2230 nulllus
1862 2184 1935 2245 eulpn

333 2257 491 2327 ποιήσαντας
504 2256 533 2312 ού
545 2254 604 2333 περὶ
617 2256 678 2327 ἐμοῦ
694 2252 772 2328 μύνου
785 2255 916 2332 ὀρρωδεῖν,
930 2254 953 2310 εί
963 2278 988 2311 τι
1001 2253 1054 2311 ἔδει
1065 2276 1115 2310 πα·
1161 2265 1296 2312 consortem
1307 2265 1447 2313 metuserst
1463 2277 1494 2313 ne
1506 2277 1554 2313 una
1566 2278 1662 2313 mecum
1671 2266 1815 2327 perimerem
1827 2270 1936 2329 (nouum

335 2348 396 2414 θεῖν,
410 2341 478 2399 ἀλλὰ
494 2339 589 2398 καλτδν
603 2340 704 2419 πατέρα
715 2340 786 2397 οὐδέν
801 2341 939 2397 ἀδικοῦντα
949 2340 995 2398 σὺν
1008 2342 1115 2419 ἐμαυτῷ
1161 2350 1225 2400 enim
1235 2350 1304 2399 edere
1316 2363 1355 2399 me
1365 2354 1499 2411 recusante,
1512 2353 1645 2400 necessario
1652 2352 1699 2401 boc
1712 2353 1897 2416 eleccionem),
1908 2369 1936 2405 ex

335 2433 486 2487 ἀποκτεῖναι
506 2426 586 2506 (ὅπερ
601 2426 702 2502 ἀνάγκη
719 2432 809 2483 παθεῖν
826 2417 857 2495 ἦν
872 2428 956 2505 αὐτῷ,
974 2428 996 2482 ελ
1009 2425 1061 2502 ἐγὼ
1076 2424 1113 2501 μὴ
1160 2439 1236 2486 ultera
1250 2440 1381 2499 perierem
1397 2441 1487 2500 gestam
1502 2439 1522 2488 si
1538 2439 1668 2501 aperirem,
1683 2442 1707 2489 et
1721 2442 1823 2503 ipsemet
1840 2443 1936 2494 emim,

335 2515 479 2591 έδουλόμην
501 2518 583 2570 ταῦτα
607 2514 746 2588 ποιῆσαι),
761 2511 778 2581 ἢ
793 2509 942 2570 κατειπόντι
956 2511 988 2569 τδι
1007 2534 1115 2589 γεγενη-
1160 2525 1356 2586 solimannum,
1369 2528 1394 2574 et
1409 2525 1527 2575 liberabor
1545 2526 1712 2575 uueoessltate
1731 2529 1864 2589 parricidii.
1896 2534 1935 2579 Ec·

336 2600 402 2677 μένα
413 2600 488 2658 αὐτὸν
499 2598 545 2677 μέν
558 2598 683 2679 ἀφεθέντα
699 2598 736 2675 μὴ
749 2598 886 2674 τεθνάναι,
901 2604 945 2656 τοῦ
960 2598 986 2657 δὲ
1002 2602 1115 2675 ἐμαυτοῦ
1160 2612 1219 2674 quid
1233 2615 1313 2661 autem
1338 2615 1374 2661 est
1389 2613 1453 2674 quud
1465 2615 1493 2662 tu
1511 2626 1559 2661 non
1576 2612 1657 2662 subire
1667 2615 1741 2675 atque
1756 2615 1934 2680 audeamus,

336 2689 433 2767 πατρὸς
447 2687 483 2764 μὴ
498 2685 716 2767 μονέαγενέσθαι.
758 2685 793 2745 Τί
804 2688 828 2744 δ’
841 2685 872 2743 διν
886 2687 915 2743 ού
927 2686 977 2765 πρό
988 2709 1017 2763 γε
1025 2685 1115 2744 τούτου
1161 2713 1233 2763 quam
1242 2702 1334 2761 patrem
1347 2698 1471 2749 occideret
1503 2699 1537 2761 (θ)
1551 2700 1866 2766 inroitaquofflrorenata,
1880 2718 1935 2754 eou-

295 2795 322 2834 ³⁸
338 2775 491 2851 salptores
504 2774 639 2852 ἄνθρωποί
658 2773 825 2850 πθῑῆσθῑῖίθ)
841 2772 913 2848 ’pr
929 2772 1050 2830 τοίνυνέκ
1064 2776 1115 2830 τῶν
1161 2787 1277 2837 ditionem
1285 2787 1397 2850 optabam
1406 2800 1468 2848 eam,
1477 2788 1597 2849 quaemihi
1607 2788 1705 2849 quidem
1714 2791 1870 2841 moerormsd
1881 2794 1935 2842 ιω

338 2861 471 2942 παρόντων
487 2860 593 2937 εἱλόμην
605 2866 706 2936 ταῦτα,
718 2859 800 2936 θίμοὶ
813 2859 859 2936 μέν
870 2858 953 2926 λύπας
963 2862 1007 2917 ἐπί
1021 2860 1114 2939 χρόνον
1161 2888 1206 2938 pus
1214 2889 1287 2937 quam
1297 2874 1459 2936 longissimum
1469 2877 1520 2924 erat
1529 2875 1641 2936 allatura,
1649 2876 1718 2925 vobis
1727 2881 1810 2928 auton
1819 2880 1876 2929 mali
1885 2882 1934 2929 tum

336 2951 457 3007 πλεῖστον
471 2948 549 3007 οίσειν
561 2946 679 3023 ἔμελλεν,
694 2950 754 3023 ὑμῖν
769 2945 796 3003 δέ
814 2945 945 3025 ταχίστην
956 2952 1002 3005 τοῦ
1016 2947 1115 3025 παρόν·
1161 2962 1285 3025 praesentis
1309 2961 1473 3024 depulsionem
1498 2975 1570 3024 quam
1591 2962 1739 3013 citissimam.
1772 2967 1936 3016 flammini

338 3060 381 3103 τος
395 3036 453 3094 τότε
466 3041 546 3093 κακοῦ
562 3033 730 3110 μετάστασιν.
772 3032 967 3110 Ἀναμνήσθητε
981 3034 1009 3092 δέ
1030 3038 1056 3092 ἐν
1069 3035 1115 3114 οἵῳ
1160 3041 1241 3100 modo,
1254 3041 1344 3101 quanto
1353 3039 1377 3086 in
1387 3038 1524 3087 discrimine
1532 3042 1669 3101 quantaque
1678 3040 1703 3089 in
1714 3041 1935 3103 perplexitatem

336 3123 444 3201 κινδύνῳ
458 3123 540 3180 τεκαὶ
555 3122 690 3200 ἀμηχανίᾳ
703 3120 859 3197 καθέστατε,
870 3120 915 3179 καί
925 3121 964 3179 ὅτι
976 3121 1044 3181 οὕτω
1052 3125 1114 3202 σρό·
1162 3128 1248 3176 versati
1257 3126 1308 3174 ultis
1317 3127 1341 3174 et
1353 3137 1426 3186 quam
1439 3125 1593 3174 vehementer
1604 3125 1647 3188 ipsi
1656 3139 1700 3175 vos
1709 3131 1799 3177 mutuo
1811 3131 1934 3180 erborrue·

336 3212 384 3289 δρα
396 3220 462 3290 σρᾶς
476 3210 567 3275 αὐτοὺς
580 3208 757 3289 ἐπερόὸησθε,
767 3207 828 3267 ὥστ’
841 3209 893 3267 οὐδ’
905 3211 941 3276 εἷς
953 3208 999 3280 τλν
1017 3209 1113 3289 δγορδιν
1160 3215 1227 3274 ritis,
1247 3216 1274 3262 nt
1289 3213 1327 3262 vel
1347 3212 1373 3260 in
1391 3212 1469 3260 lorum
1483 3212 1577 3274 prodire
1591 3214 1779 3277 cunctaremlni,
1791 3230 1935 3281 unoquoque

336 3298 373 3355 ἔτι
396 3298 505 3376 ἐξῄειττ,
520 3295 628 3363 ἕκαστος
650 3299 722 3373 ὑμῶν
744 3295 858 3372 οἰόμενος
876 3297 1112 3374 συλληφθήσεσθαι.
1161 3304 1294 3362 metuente,
1310 3300 1519 3361 uemrriperetur.
1552 3303 1612 3356 θυαε
1627 3301 1810 3353 maiautvobis
1826 3306 1891 3355 leuno
1906 3306 1935 3355 ad

335 3388 427 3446 Ταῦτα
438 3384 522 3442 τοίνυν
530 3383 597 3442 ὥστε
608 3382 654 3460 μὲν
670 3383 916 3460 γενέσθαιτοιαῦτα,
926 3385 1069 3444 πολλοστὸν
1081 3388 1113 3458 δή
1160 3391 1259 3440 modum
1271 3388 1445 3449 contingerent,
1455 3386 1628 3448 deprehensum
1638 3391 1673 3437 est
1691 3401 1731 3437 me
1743 3394 1839 3452 purtem
1852 3398 1934 3443 contn-

296 3496 323 3534 ιο
337 3496 361 3531 τι
380 3471 432 3550 ἐγὼ
455 3473 534 3551 μέρος
549 3476 595 3541 τῆς
610 3470 694 3537 αἰτίας
718 3470 823 3550 εῦρίθην
845 3471 922 3549 ἔχων,
945 3471 1012 3529 ὥστε
1027 3472 1114 3548 μέντοι
1160 3480 1214 3529 lisso
1231 3479 1272 3527 vix
1285 3478 1449 3539 millesimam
1465 3478 1690 3526 unisautemutiis
1702 3478 1878 3544 imponeretur,
1894 3497 1934 3546 epo

336 3565 484 3634 παυθῆναι,
500 3556 551 3636 ἐγὼ
567 3550 603 3623 εἶς
617 3558 653 3616 ὢν
669 3557 745 3634 μόνος
756 3557 846 3624 αίτιος.
889 3560 917 3636 (ο)
931 3558 985 3616 Καί
1002 3556 1072 3633 ὅμως
1085 3562 1115 3618 τό
1160 3567 1342 3617 solusineausa
1352 3564 1393 3613 lui.
1427 3566 1668 3627 (9lEtuihilominus
1678 3568 1935 3631 tamenellugereuun

336 3670 365 3725 γε
379 3646 581 3725 δυστυχέστατος
591 3637 657 3703 εἶναι
665 3645 806 3725 ἀνθρώπων
820 3647 922 3721 οὐδαμῇ
936 3644 1061 3724 ἐκμεύγω,
1071 3646 1113 3704 ὅτε
1159 3668 1256 3718 possum
1273 3654 1401 3716 quominus
1418 3655 1463 3702 sim
1476 3653 1614 3702 mortalium
1623 3652 1732 3701 omnium
1743 3654 1933 3707 infelicissimus:

337 3734 367 3805 δὴ
382 3732 561 3812 προαγομένης
573 3731 620 3809 μὲν
634 3737 678 3803 τῆς
691 3734 790 3799 πόλεως
806 3732 849 3789 ἐπὶ
867 3734 965 3798 ταύτας
985 3732 1030 3799 τδς
1043 3755 1113 3809 συμ-
1159 3754 1216 3790 nam
1225 3755 1274 3803 quo
1284 3743 1390 3804 tempore
1399 3741 1502 3803 procella
1512 3741 1563 3789 hmo
1572 3740 1682 3801 inremp.
1693 3739 1859 3806 incumbebat,
1869 3758 1935 3794 nemo

336 3820 415 3901 μορδις
428 3822 507 3886 οὐδεὶς
520 3824 584 3897 ἐμοῦ
604 3820 701 3899 ἤρχετο
722 3820 836 3896 γίνεσθαι
850 3819 1111 3899 δυσδαιμονέστερος,
1158 3843 1197 3879 me
1217 3830 1333 3879 infelicior
1351 3832 1416 3890 erat;
1432 3832 1457 3878 et
1477 3841 1574 3889 rursus,
1588 3826 1680 3876 reddita
1695 3830 1843 3893 securitate,
1857 3834 1935 3882 umen

337 3907 524 3984 μεθισταμένης
550 3906 577 3964 δί
589 3909 668 3965 πάλιν
687 3909 722 3973 είς
743 3907 773 3963 τὸ
793 3907 905 3986 άσραλὲς
920 3906 1041 3964 ἁπάντων
1062 3909 1113 3983 ἐγὼ
1158 3930 1221 3965 uuus
1239 3916 1404 3978 egoomnlum
1420 3915 1574 3964 miserrimus.
1589 3914 1653 3962 Mala
1670 3915 1736 3962 enim
1749 3916 1935 3978 reipublieaetot

337 3993 501 4058 ἀθλιώτατος.
542 3990 707 4071 Ὀντωνγδρ
723 3997 811 4050 κακῶν
825 3992 954 4050 τοσούτων
977 3993 1112 4070 τῇπόλει,
1158 4004 1415 4065 illatantaquosanari
1436 4002 1502 4051 nullo
1518 4000 1650 4050 ullomodo
1665 4004 1935 4062 quamdedecoremeo

338 4079 464 4138 ἀδύνατον
478 4072 510 4149 ἦν
530 4086 612 4137 ταῦτα
631 4082 734 4149 ἰαθῆναι
746 4080 830 4144 ἄλλως
846 4079 863 4148 ἢ
878 4083 914 4157 τῷ
929 4082 985 4157 ἐμῷ
997 4081 1112 4159 αἰσχρῷ,
1158 4094 1275 4153 poteraut,
1283 4104 1332 4152 quo
1341 4090 1412 4139 fiebat
1430 4092 1466 4150 ut,
1474 4089 1538 4151 quod
1550 4089 1607 4137 milri
1618 4091 1725 4151 noceret,
1734 4089 1759 4138 id
1775 4091 1855 4154 ipsum
1866 4095 1934 4143 saluti

295 4176 327 4226 21
338 4166 401 4225 ὥστ’
414 4170 440 4224 ίν
454 4168 525 4245 αύτῷ
543 4157 630 4245 ᾧέγὼ
644 4169 729 4230 κακῶς
747 4166 884 4243 ἔπραττον,
896 4168 922 4222 ἐν
944 4166 1026 4245 τούτῳ
1045 4171 1113 4243 ipit<
1157 4178 1225 4227 vobis
1241 4179 1309 4226 esset.
1342 4178 1493 4238 Quapropter
1511 4178 1698 4224 consentancum
1720 4179 1758 4224 est
1778 4191 1819 4226 me
1832 4192 1876 4241 per
1890 4180 1934 4229 boc

338 4254 473 4321 σώζεσθαι.
514 4253 600 4330 Χάριν
611 4242 654 4309 σύν
669 4250 735 4316 εἰκός
745 4274 794 4325 με,
806 4253 835 4308 οὐ
846 4259 920 4327 μῖσος
931 4255 968 4330 τῷ
982 4253 1111 4332 δυστυχή-
1156 4264 1315 4314 intortunium
1323 4276 1404 4314 meum
1414 4262 1578 4312 nonodiuma
1593 4261 1774 4321 vobisaulerre‚
1784 4265 1828 4314 sed
1836 4266 1934 4327 metum

338 4361 402 4417 μοιτι
413 4337 497 4415 τούτῳ
508 4337 630 4418 ρίρεοθαι
642 4336 705 4414 παρ’
714 4340 797 4410 θμῶν.
1157 4352 1236 4415 potius
1244 4352 1312 4400 inire.

378 4446 412 4485 ιο.
434 4424 527 4484 Καίτοι
539 4421 589 4498 ίγὼ
600 4421 652 4480 τότ’
664 4420 739 4487 αὐτὸς
755 4420 829 4499 γνοὺς
843 4420 889 4488 τὰς
912 4423 1026 4497 ἐμαυτοῦ
1041 4446 1110 4499 συμ-
1189 4442 1224 4485 lo.
1241 4438 1413 4485 verumtamen
1422 4448 1466 4495 ego
1476 4434 1619 4484 calamitatis
1630 4446 1692 4484 meae
1701 4436 1756 4484 lum
1768 4439 1885 4501 temporis
1897 4442 1933 4490 in·

338 4512 431 4596 μοράς,
454 4503 525 4591 ᾧτινι
545 4512 633 4568 κακῶν
660 4508 747 4566 τεκαὶ
771 4512 886 4587 αἰσχρῶν
908 4512 954 4566 οὐκ
976 4501 1026 4567 οἶδ’
1040 4510 1064 4567 εί
1086 4535 1111 4569 τι
1156 4509 1263 4572 telligens
1279 4512 1353 4571 (nam
1373 4509 1480 4571 prolecto
1494 4521 1542 4555 non
1555 4509 1611 4557 nori
1629 4509 1795 4568 geuusullum
1814 4512 1935 4562 mulorum

508 4597 541 4656 ν
556 4596 781 4677 ooo
935 4594 997 4653 ν’
1155 4583 1936 4725 νομοῖονειονονοκεο

1353 4696 1360 4720 ’
1494 4696 1499 4705 ’
1848 4698 1855 4723 ι

337 4692 388 4746 τῶν
405 4691 539 4768 παρόντων
552 4686 724 4765 πραγμάτων,
735 4683 814 4761 ίγνων
829 4684 931 4752 ἥδιστον
946 4673 1010 4740 εἶναι
1024 4683 1110 4762 πράτ-

305 4799 318 4838 ε
338 4798 390 4833 τειν
405 4799 433 4833 τε
446 4781 552 4834 τοιαῦτα
566 4774 611 4831 καί
624 4774 772 4831 διαιτᾶσθαι
780 4773 848 4843 ἐκεῖ,
860 4770 925 4828 ὅπου
935 4770 1031 4841 ἥκιστα
1046 4770 1109 4846 μέλ·

339 4863 574 4940 θθῑμῑόθθθῦῑσθῑῑ
587 4862 629 4940 ὗθ’
644 4863 725 4934 ὑμῶν·
767 4857 1108 4937 '5¹²⁸l3b331P0'l‘i’501‘·
1154 4886 1234 4932 autem
1245 4881 1342 4931 taudem
1352 4879 1481 4942 aliquando
1494 4893 1543 4940 me,
1552 4878 1578 4927 id
1587 4880 1653 4940 quoi
1665 4880 1716 4930 lieri
1729 4895 1773 4943 par
1782 4886 1845 4944 erat,
1856 4883 1929 4934 etde·

340 4972 382 5029 ρον
398 4949 500 5017 εἰσῆλθέ
521 4972 580 5024 μοι,
604 4949 693 5027 ὥσπερ
707 4945 786 5017 εἰκός,
808 4946 931 5021 ἐπιθυμία
944 4950 990 5016 τῆς
1010 4968 1037 5003 τε
1053 4946 1108 5020 μεθ’
1153 4959 1266 5010 siderium
1278 4958 1340 5018 oepit
1349 4956 1413 5004 illius
1425 4955 1490 5016 vitre,
1501 4967 1575 5016 quarn
1585 4954 1643 5002 olim
1656 4954 1716 5003 civis
1727 4957 1810 5006 vester
1819 4957 1881 5006 inter
1891 4967 1931 5005 τοι

339 5036 412 5110 ὑμῶν
426 5037 555 5100 πολιτείας
570 5035 667 5106 ἐκείνης
678 5033 723 5093 καί
737 5032 854 5105 διαίτης,
867 5032 893 5100 ἐξ
904 5025 935 5103 ἧς
951 5032 1020 5110 δευρί
1034 5033 1108 5108 μετέ·
1153 5034 1295 5096 egissemet
1304 5029 1411 5080 taedium
1425 5029 1492 5077 istius
1502 5028 1705 5087 commorationis,
1717 5027 1784 5077 unde
1797 5030 1893 5079 melane
1902 5027 1929 5078 ud

1152 4734 1352 4797 jucundissimum
1362 4733 1431 4783 vobis
1440 4733 1492 4781 lore
1505 4731 1525 4779 si
1537 4744 1567 4779 eo
1580 4731 1653 4779 ruodo
1662 4732 1738 4782 sitam
1748 4749 1847 4799 agerem
1860 4748 1934 4799 eoque

1154 4807 1178 4855 ln
1191 4809 1253 4868 looo,
1263 4821 1312 4869 quo
1322 4807 1422 4856 minime
1430 4806 1517 4855 vestris
1531 4805 1608 4855 oculis
1621 4819 1697 4854 essem
1708 4807 1889 4859 obseruaturos.
1902 4810 1932 4859 ur

1153 5122 1196 5157 vos
1207 5106 1286 5167 retuli,
1296 5104 1431 5153 statuebam
1441 5101 1553 5164 expedire
1561 5101 1619 5149 milri
1627 5137 1634 5161 ,
1642 5104 1670 5149 ut
1679 5104 1722 5149 aut
1734 5100 1766 5149 de
1776 5101 1828 5151 vita
1838 5112 1928 5164 prorsus

1153 5178 1308 5234 decederem,
1319 5177 1362 5223 aut
1374 5175 1441 5222 tanto
1454 5186 1530 5235 remp.
1541 5172 1598 5221 milri
1613 5170 1785 5232 obstringerem
1804 5170 1928 5231 beneficio,

1153 5251 1181 5295 ut
1194 5259 1237 5294 ros
1249 5244 1313 5293 baud
1329 5243 1398 5292 inviti
1409 5243 1492 5292 essetis
1504 5242 1595 5305 passuri
1616 5253 1654 5288 me
1666 5241 1729 5289 inter
1739 5252 1785 5289 ros
1796 5252 1867 5303 nouo
1878 5253 1928 5290 cun

339 5297 410 5372 θμῶν
425 5294 532 5353 ίκόντων
543 5285 609 5352 εἶναί
621 5295 684 5353 ποτά
695 5318 739 5371 μοι
746 5295 947 5355 πολιτεύσασθαι
955 5295 1010 5371 μεθ’
1023 5297 1106 5370 ὑμῶν.
1149 5317 1203 5378 μη,
1216 5315 1280 5363 cippi
1290 5314 1388 5363 versari,
1422 5314 1471 5375 (tl)
1490 5313 1548 5362 inde
1567 5310 1598 5360 ab
1615 5324 1644 5359 ω
1660 5310 1733 5373 igitur
1746 5313 1856 5373 tempos„
1872 5307 1927 5359 num

302 5383 445 5463 ¹⁰[11l'Ex
464 5381 492 5441 δὲ
505 5381 596 5440 τούτου
609 5383 638 5440 οὐ
652 5381 758 5441 πώποτε
772 5382 830 5442 ούτε
844 5387 888 5441 τοῦ
903 5381 1025 5458 σώματος
1049 5378 1106 5438 οὔτε
1151 5385 1248 5449 peperci
1258 5396 1337 5446 neque
1345 5384 1453 5445 sumptui
1464 5396 1543 5446 neque
1555 5379 1686 5443 molestia,
1698 5376 1927 5445 nullumqueelefusl

340 5143 414 5191 στην,
429 5121 508 5198 ἔγνων
521 5124 662 5179 λυσιτελεῖν
674 5144 718 5197 μοι
729 5120 746 5192 ἢ
759 5126 803 5179 τοῦ
821 5119 877 5200 βίου
892 5120 1076 5198 ἀπηλλάχθαι,
1090 5118 1107 5190 ἢ

339 5205 386 5277 τὴν
396 5208 470 5266 πόλιν
477 5205 573 5277 ταύτην
585 5208 679 5283 δγαθόν
688 5231 713 5265 τι
725 5211 845 5266 τοσοῦτον
856 5206 1029 5284 ίργάσασθαι,
1040 5204 1107 5263 ὥστε
