4467 6542
678 678 791 729 240

671 799 749 866 τίς
771 797 834 856 ἂν
855 798 999 876 ὑμῶν
1028 797 1345 859 πιστεύσειεν
1371 800 1722 881 εὐνουστέρους
1739 802 1829 860 καὶ
1849 802 2220 884 μετριωτέρους

671 885 790 954 τοὺς
820 886 1104 953 ἀντιδίκους
1140 891 1264 963 ἡμῖν
1301 877 1431 946 εἶναι
1469 891 1571 946 τῶν
1602 888 1928 947 οἰκειοτάτων
1938 913 1955 961 ;
2036 892 2219 949 κάκεῖ-

669 996 757 1032 νον
795 973 889 1049 μέν
905 1021 921 1046 ,
948 966 992 1053 ᾧ
1031 973 1121 1033 καὶ
1147 976 1426 1051 ἀναγκαῖον
1449 966 1507 1033 εὖ
1532 975 1694 1033 ποιεῖν
1722 980 1861 1051 ἡμᾶς
1888 976 1977 1034 καὶ
2003 975 2219 1056 αἰσχρὸν

670 1062 825 1137 ἡμῶν
869 1061 1166 1136 ἀμελῆσαι,
1204 1060 1364 1137 μηδὲν
1392 1064 1493 1119 τῶν
1524 1064 1680 1119 αὑτοῦ
1726 1066 1853 1138 ἡμῖν
1883 1063 2075 1120 δοῦναι·
2102 1060 2219 1120 τού·

605 1173 633 1211 ⁶
671 1170 789 1213 τους
816 1146 901 1220 δέ,
925 1136 997 1213 οἷς
1025 1145 1131 1206 οὔτ’
1160 1146 1358 1225 ἀνάγκη
1389 1147 1527 1206 ἐστὶν
1557 1146 1664 1206 οὔτ’
1694 1148 1946 1227 αἰσχύνην
1974 1147 2218 1226 οὐδεμίαν

672 1233 841 1314 φέρει,
865 1237 968 1291 τῶν
1001 1236 1058 1291 οὗ
1096 1234 1495 1314 προσηκόντων,
1525 1234 1594 1302 ὥς
1621 1258 1812 1316 φασιν,
1845 1240 1971 1312 ἡμῖν
2005 1238 2215 1312 μεταδι-

669 1320 844 1397 δόναιζς
889 1318 1045 1378 Ἀλλὰ
1085 1324 1252 1377 ταῦτα
1279 1318 1395 1398 μὲν,
1419 1310 1463 1378 ῶ
1503 1321 1707 1401 ἄνδρες,
1737 1321 1935 1394 πολλὴν
1972 1323 2215 1381 ἀπιστίαν

669 1406 799 1486 ἔχει.
1478 1456 1489 1464 .

746 1513 818 1552 ao·
851 1491 1076 1552 Ἔπειτα
1095 1538 1112 1569 ,
1145 1496 1189 1551 εἷ
1215 1491 1306 1569 μὲν
1334 1492 1424 1552 καὶ
1458 1498 1544 1552 νῦν
1567 1494 1703 1554 οὕτω
1749 1495 1874 1577 πρὸς
1903 1495 2217 1576 ἀμφοτέρους

590 1602 640 1641 10
669 1582 807 1657 ἡμᾶς
834 1576 967 1657 ἔχων
990 1579 1318 1651 ἐτελεύτησεν
1336 1625 1352 1650 ,
1383 1578 1558 1661 ὥσπερ
1582 1580 1664 1639 ὅτε
1693 1581 1784 1647 τὰς
1812 1582 2058 1653 διαθήκας
2083 1583 2214 1639 ταύ-

664 1689 759 1732 τας
804 1664 1120 1738 ἐποιήσατο,
1160 1665 1368 1732 εἰκότως
1403 1668 1464 1725 ἀν
1498 1691 1573 1733 τις
1604 1672 1746 1745 ὑμῶν
1793 1670 2068 1729 πιστεύσαι
2111 1673 2216 1736 τοῖς

664 1752 834 1830 λόγοις
861 1760 966 1818 τοῖς
992 1751 1226 1811 τουτωνί·
1254 1753 1361 1811 νυνὶ
1404 1754 1459 1811 δὲ
1490 1762 1596 1812 πᾶν
1630 1757 1922 1815 τούναντίον
1952 1756 2210 1836 εὑρήσετε.
2253 1802 2254 1806 ,

664 1840 799 1899 Τότε
831 1837 923 1914 μὲν
947 1837 1047 1920 γὰρ
1072 1838 1223 1919 ἔτυχε
1253 1840 1455 1919 Δεινίᾳ,
1478 1840 1531 1907 ὃς
1567 1846 1703 1918 ἡμᾶς
1731 1843 2073 1923 ἐπετρόπευε,
2101 1842 2211 1901 διοί-
2253 1887 2254 1896 ,

665 1948 813 2005 φορος
832 1924 902 1983 ὢν
924 1931 1051 2003 ἡμῖν
1069 1949 1124 1984 τε
1144 1925 1288 1985 οὔπω
1306 1926 1571 2006 χρώμενος
1592 1928 1789 1995 τούτοις
1803 1954 1859 1988 τε
1881 1929 2074 1988 ἅπασιν
2096 1932 2209 1989 ἐπι-

590 2029 641 2068 ιε
667 2012 880 2084 τηδείως
910 2012 1252 2087 διακείμενος·
1281 2019 1369 2071 νῦν
1400 2013 1455 2072 δὲ
1487 2013 1680 2074 τούτων
1711 2014 1805 2092 μέν
1832 2039 1937 2075 τισι
1969 2015 2206 2097 διάφορος

666 2098 898 2176 ἐγένετο,
918 2100 1045 2176 ἡμῖν
1072 2098 1126 2158 δὲ
1148 2099 1358 2158 πάντων
1377 2103 1568 2182 ἐχρῆτο
1590 2101 1899 2162 οἰκειότατα.
1991 2106 2077 2182 (³1)
2102 2103 2209 2163 Καὶ

667 2186 721 2255 ἐξ
744 2178 815 2245 ῶν
844 2185 937 2263 μὲν
979 2188 1120 2264 αὐτῷ
1154 2187 1280 2266 πρὸς
1309 2187 1514 2254 τούτους
1542 2188 1743 2267 ἐγένετο
1770 2195 1803 2261 ἡ
1834 2191 2083 2271 διαφοραί,
2114 2214 2207 2249 πε-

669 2273 868 2387 ρίεργόν
897 2277 1005 2333 ἔστι
1030 2273 1214 2354 λέγειν·
1247 2276 1439 2352 σημεῖα
1464 2277 1510 2334 δ’
1541 2280 1663 2352 ὑμῖν
1695 2280 1795 2357 ἐρῶ
1823 2280 2060 2355 μεγάλα,
2089 2278 2209 2357 περὶ

664 2386 735 2419 ων
783 2361 872 2419 καὶ
918 2360 1183 2439 μάρτυρας
1231 2360 1327 2428 ἔξω
1370 2362 1755 2442 παρασχέσθαι.
1855 2367 2072 2444 Πρῶτον
2114 2365 2207 2442 μὲν

585 2468 639 2505 ao
666 2446 767 2528 γὰρ
791 2446 925 2505 θύων
952 2452 1026 2526 τῷ
1052 2448 1315 2528 Διονύσῳ,
1346 2448 1436 2506 καὶ
1466 2447 1582 2516 τοὺς
1611 2449 1823 2516 οἰκείους
1852 2450 2085 2517 ἅπαντας
2111 2475 2207 2510 κα-

663 2533 821 2600 λέσας
847 2532 939 2591 καὶ
965 2537 1066 2592 τῶν
1090 2533 1262 2591 ἄλλων
1286 2537 1510 2592 πολιτῶν
1541 2535 1762 2603 πολλούς
1777 2580 1793 2609 ,
1820 2537 2098 2617 Φερένικον
2122 2542 2206 2597 οὗ·

665 2622 833 2697 δαμοῧ
854 2619 1234 2698 παρεστήσατο.
1311 2616 1536 2680 Ἔπειτα
1562 2622 1742 2701 μικρὸν
1766 2624 1886 2704 πρὶν
1906 2626 2208 2696 τελευτῆσαι

669 2708 889 2785 βαδίζων
919 2710 989 2773 εἰς
1019 2707 1292 2786 Πάνορμον
1338 2708 1472 2783 μετὰ
1501 2709 1769 2786 Σίμωνος,
1810 2711 1898 2769 καὶ
1942 2711 2206 2792 συντυχὼν

666 2797 836 2874 αὐτῷ,
864 2795 1163 2874 προσειπεῖν
1204 2797 1298 2853 οὐκ
1325 2794 1634 2872 ἐτόλμησεν.
1724 2799 1816 2876 (³2)
1839 2797 1962 2859 Ἔτι
2002 2799 2053 2857 δὲ
2082 2800 2208 2880 πρὸς

587 2904 639 2941 2⁶
666 2881 860 2947 τούτοις
901 2882 1283 2956 πυνθανομένου
1309 2881 1404 2953 τὴν
1447 2882 1697 2962 διαφορὰν
1731 2888 1820 2940 τοῦ
1853 2884 2086 2961 Σίμωνος
2113 2886 2206 2958 τήν

663 2968 710 3026 τ’
742 2968 931 3047 ἔχθραν
972 2969 1285 3042 διηγήσατο,
1310 2969 1400 3027 καὶ
1432 2970 1849 3050 προσηπείλησεν
1872 2972 1949 3029 ὅτι
1986 2972 2206 3043 δηλώσοι

665 3058 782 3114 ποτ’
811 3054 873 3113 ἂν
898 3053 1062 3135 τούτῳ
1085 3059 1153 3122 ὡς
1173 3056 1426 3114 διάκειται
1445 3056 1571 3136 πρὸς
1591 3056 1765 3119 αὐτόν.
1850 3058 1960 3119 Καὶ
1983 3062 2050 3127 ὡς
2075 3063 2203 3133 ἀλη·
2258 3074 2259 3078 ’

665 3146 729 3213 θῆ
749 3140 909 3221 λέγω,
925 3142 1073 3201 κάλει
1093 3142 1377 3223 μάρτυρας.

1257 3279 1599 3328 ΜΑΡΤΥΡΕΣ.

584 3422 640 3463 8⁰
744 3420 816 3462 33.
845 3399 1033 3461 Οἴεσθε
1061 3392 1179 3475 οὖν,
1225 3392 1268 3461 ῶ
1295 3402 1502 3482 ἄνδρες,
1534 3403 1619 3461 τὸν
1658 3405 1847 3464 οὑτωσὶ
1876 3406 2001 3487 πρὸς
2029 3408 2208 3468 ἑκατέ-

668 3511 783 3568 ρους
810 3494 950 3565 ἡμᾶς
973 3488 1294 3565 διακείμενον
1325 3493 1449 3566 ἡμῖν
1483 3488 1605 3567 μέν,
1635 3481 1708 3557 οἶς
1737 3493 2025 3553 οἰκειότατα
2051 3498 2207 3576 ἐχρῆ-

663 3598 744 3653 το,
771 3574 904 3633 οὕτω
922 3576 1086 3633 ποιεῖν
1105 3574 1239 3633 ὥστε
1255 3574 1386 3651 μηδὲ
1403 3576 1555 3654 λόγον
1580 3578 1887 3658 ὑπολείψειν,
1911 3578 2105 3647 τούτοις
2127 3581 2206 3659 δέ,

664 3654 735 3721 ῶν
759 3686 863 3719 τισι
887 3663 976 3720 καὶ
995 3661 1230 3741 διάφορος
1249 3655 1311 3735 ἦν
1326 3708 1343 3739 ,
1371 3673 1578 3723 σκοπεῖν
1594 3664 1730 3733 ὅπως
1755 3667 1965 3726 ἅπασαν
1983 3668 2206 3746 βεὸαιώ-

666 3772 745 3807 σει
788 3748 883 3820 τὴν
911 3748 1120 3825 οὐσίαν,
1168 3749 1257 3807 καὶ
1300 3748 1507 3817 τούτους
1551 3750 1644 3828 μὲν
1688 3758 1777 3811 νῦν
1819 3755 1937 3834 περὶ
1971 3756 2205 3822 πλείονος

588 3860 641 3899 2⁵
668 3842 923 3895 ποιεῖσθαι
946 3836 1140 3906 ταύτης
1171 3834 1397 3909 ὑπούσης
1418 3842 1509 3909 τῆς
1535 3839 1753 3920 ἔχθρας,
1781 3846 1921 3917 ἡμᾶς
1950 3842 2004 3901 δὲ
2027 3844 2208 3901 τοσαύ-

665 3946 757 3995 της
778 3923 1084 3994 οἰκειότητος
1103 3922 1191 3980 καὶ
1219 3924 1390 4002 φιλίας
1412 3926 1683 4002 γενομένης
1709 3934 1983 4008 πειρᾶσθαι
2009 3931 2205 4005 μᾶλλον

667 4014 837 4075 κακῶς
865 4018 1055 4082 ποιεῖν;
1142 4011 1231 4087 (2⁴)
1257 4010 1391 4068 Ἀλλ’
1429 4010 1589 4090 ἔγωγε
1608 4058 1622 4084 ,
1654 4016 1698 4070 εἰ
1728 4017 2031 4095 κατηγορεῖν
2058 4015 2207 4074 ἐδού-

667 4099 815 4155 λοντο
850 4100 950 4154 τῶν
994 4098 1251 4168 διαθηκῶν
1288 4096 1321 4166 ἢ
1361 4103 1450 4155 τοῦ
1492 4101 1941 4173 τετελευτηκότος,
1981 4105 2071 4161 οὐκ
2100 4094 2195 4160 οἶδ’

667 4182 699 4241 ὅ
725 4206 776 4240 τι
803 4182 865 4241 ἂν
891 4183 1019 4242 ἄλλο
1048 4183 1174 4262 πρὸς
1202 4185 1336 4259 ὑμᾶς
1359 4175 1529 4257 εἶπον,
1561 4186 1614 4244 οἵ
1636 4210 1693 4263 γε
1722 4187 1813 4254 τὰς
1841 4188 2087 4259 διαθήκας
2111 4189 2204 4266 μὲν

590 4296 644 4335 ω
668 4270 1034 4350 ἀποφαίνουσιν
1066 4268 1175 4327 οὔτ’
1206 4272 1366 4349 ὀρθῶς
1406 4270 1622 4350 ἐχούσας
1657 4273 1762 4330 οὔτ’
1787 4276 2099 4354 ἀρεσκούσας
2133 4280 2206 4357 τῷ

670 4356 976 4437 διαθεμένῳ,
991 4361 1081 4414 τοῦ
1099 4355 1149 4413 δὲ
1175 4355 1429 4427 τοσαύτην
1451 4358 1639 4434 μανίαν
1658 4367 2049 4441 κατηγοροῦσιν,
2073 4362 2205 4421 ὥστε

668 4445 822 4525 φασὶν
850 4443 1002 4502 αὐτὸν
1026 4445 1145 4522 περὶ
1173 4443 1400 4510 πλείονος
1428 4446 1681 4504 ποιεῖσθαι
1719 4447 1834 4513 τοὺς
1861 4450 2001 4527 αὐτῷ
2031 4451 2205 4529 διαφε-

669 4530 969 4609 ρομένουςῆ
1006 4530 1123 4597 τοὺς
1156 4529 1353 4596 οἰκείως
1392 4532 1717 4610 χρωμένους,
1755 4535 1844 4591 καὶ
1880 4526 1952 4599 οἷς
1986 4534 2077 4611 μὲν
2106 4539 2203 4603 ζῶν

667 4622 723 4677 οὗ
760 4619 1012 4697 διελέγετο
1037 4618 1244 4676 ἅπασαν
1265 4618 1438 4675 δοῦναι
1458 4618 1551 4689 τὴν
1577 4620 1752 4678 οὐσίαν
1774 4666 1789 4698 ,
1811 4621 1924 4687 τοὺς
1944 4624 1987 4679 δ’
2020 4622 2199 4680 οἷκειό-

581 4737 633 4774 st,
670 4729 802 4763 τατα
852 4705 1199 4785 κεχρημένους
1243 4703 1357 4762 οὐδὲ
1398 4707 1685 4764 πολλοστοῦ
1731 4706 1913 4785 μέρους
1966 4706 2202 4775 ἀξιῶσαι.

672 4794 761 4871 (35)
776 4792 949 4852 Ὥστε
964 4793 1038 4859 τίς
1056 4791 1117 4849 ἂν
1135 4794 1280 4869 ὑμῶν
1300 4791 1490 4858 ταύτας
1509 4783 1637 4850 εἶναι
1656 4794 1833 4874 κυρίας
1848 4794 1939 4859 τὰς
1960 4795 2204 4864 διαθήκας

667 4881 976 4961 ψηφίσαιτο,
1021 4880 1080 4945 ἃς
1104 4884 1131 4938 δ
1156 4880 1247 4955 μὲν
1282 4880 1573 4957 διαθέμενος
1596 4883 1666 4946 ὡς
1690 4883 1782 4938 οὐκ
1806 4884 1966 4960 ὀρθῶς
1990 4881 2206 4960 ἐχούσας

671 4966 1076 5043 ἀπεδοκίμασεν,
1121 4960 1259 5025 οὗτοι
1288 4968 1333 5023 δ’
1363 4969 1497 5048 ἔργῳ
1535 4967 1743 5027 λύουσιν
1784 4969 2035 5034 ἐθέλοντες
2077 4973 2204 5044 ἡμῖν

672 5055 999 5132 ἶσομοιρῆσαι
1046 5058 1136 5124 τῆς
1174 5054 1385 5129 οὐσίας,
1414 5054 1540 5135 πρὸς
1567 5053 1621 5112 δὲ
1664 5054 1857 5121 τούτοις
1901 5058 2051 5131 ἡμεῖς
2087 5059 2206 5131 ὑμῖν

598 5165 652 5202 ευ
674 5139 1022 5219 ἀποφαίνομεν
1049 5140 1278 5207 ἐναντίας
1314 5140 1468 5206 οὔσας
1490 5141 1579 5199 καὶ
1622 5143 1695 5220 τῷ
1722 5142 1864 5222 νόμῳ
1887 5141 1976 5199 καὶ
2002 5148 2105 5207 τοῖς
2130 5143 2203 5198 δι-

673 5224 835 5290 καίοις
860 5225 949 5281 καὶ
976 5230 1039 5303 τῇ
1063 5230 1150 5283 τοῦ
1177 5227 1591 5297 τετελευτηκότος
1618 5228 1852 5308 διανοίας
2112 5268 2119 5275 -

753 5330 822 5370 ³6.
852 5302 1020 5386 Οἶμαι
1036 5312 1081 5368 δ’
1098 5315 1231 5388 ὑμᾶς
1250 5311 1308 5369 τὸ
1326 5313 1443 5391 περὶ
1462 5316 1610 5388 ἡμῶν
1632 5312 1823 5372 δίκαιον
1844 5311 2126 5394 σαφέστατ’
2142 5311 2204 5370 ἂν

675 5400 798 5478 παρ’
828 5398 996 5456 αὐτῶν
1024 5396 1216 5456 τούτων
1240 5398 1596 5463 πυνθάνεσθαι.
1678 5403 1744 5461 Εἰ
1771 5400 1873 5481 γάρ
1908 5425 1984 5467 τις
2024 5399 2205 5467 αὐτοὺς

1438 669 1700 733 maior
1740 673 1790 731 Ο
1833 672 2014 733 ΠΕΡΙ
2055 673 2202 733 ΤΟΥ
2244 675 2719 741 ΚΛΕΩΝΥΜΟΥ
2760 684 3084 746 ΚΛΗΡΟΥ.

2271 839 2272 845 1
2308 813 2602 868 adversarios
2630 818 3039 874 benevolentiores
3062 836 3166 876 osse
3193 838 3306 891 erga
3327 840 3418 881 uos
3437 843 3590 894 quam
3622 833 3860 889 hominem

2308 901 2783 963 conjunctissimum?
2844 911 2894 960 et
2912 912 3237 976 eum'quidem
3246 951 3264 977 ,
3291 916 3372 966 cui
3391 917 3536 980 plane
3547 925 3861 976 uocantium

2259 1006 2262 1045 J
2311 992 2412 1038 erat
2432 990 2572 1041 nobis
2591 993 2867 1045 benefacere
2884 1000 2936 1046 et
2956 1000 3098 1061 turpe
3126 1001 3392 1066 negligere,
3421 1004 3545 1055 nihil
3576 1020 3774 1060 suarum
3791 1012 3861 1061 fa-

2307 1075 2541 1126 cultatum
2558 1078 2695 1129 nobis
2715 1081 2928 1145 dedisse;
2969 1085 3058 1136 hos
3079 1099 3194 1136 vero
3210 1089 3430 1152 :quibus
3448 1093 3588 1142 nulia
3614 1097 3861 1148 meu-im

2306 1160 2630 1215 benefaciendi
2647 1169 2719 1218 est
2741 1182 2898 1232 neque
2922 1171 3022 1221 ulla
3037 1185 3096 1222 ex
3115 1175 3332 1237 neglectu
3352 1176 3615 1239 ignominia
3630 1180 3858 1243 imminet,

2265 1300 2267 1315 s
2306 1247 2554 1300 nobiscum
2591 1266 2648 1302 ea
2681 1254 2807 1304 bona
2829 1261 3220 1323 communicare,
3256 1276 3396 1326 qum,
3420 1267 3479 1314 ut
3498 1266 3664 1329 aiunt,
3692 1269 3754 1318 ad
3777 1283 3861 1321 nos

2305 1346 2497 1396 prorsus
2512 1350 2610 1387 non
2634 1333 2874 1393 attinent?
2940 1346 3081 1407 Haec,
3103 1347 3328 1413 inquam,
3349 1363 3382 1399 o
3411 1351 3530 1415 viri,
3554 1365 3587 1401 a
3607 1353 3704 1405 lide
3719 1357 3859 1407 vehe-

2255 1418 2256 1429 ’
2304 1425 2490 1473 menter
2510 1425 2785 1479 abhorrent.

2365 1513 2443 1559 3ο.
2471 1515 2706 1564 Praeterea
2721 1515 2797 1576 si,
2817 1529 2972 1577 quum
2997 1520 3289 1583 cleonymus
3309 1522 3458 1586 obiit,
3490 1538 3551 1575 eo
3577 1526 3740 1577 adbuc
3757 1530 3857 1578 ani-

2303 1599 2383 1634 mo
2414 1600 2523 1650 erga
2549 1603 2636 1639 nos
2672 1594 2721 1641 ct
2746 1592 3047 1645 adversarios
3081 1605 3271 1649 nostros
3307 1599 3502 1663 ruisset,
3541 1616 3690 1664 quem
3724 1606 3856 1666 gemit

2300 1678 2451 1726 quum
2472 1672 2808 1721 testamentum
2826 1675 3096 1738 scribebat,
3128 1691 3329 1742 aequum
3364 1680 3490 1730 foret
3510 1694 3602 1731 vos
3632 1683 3856 1734 sermoni·

2301 1747 2390 1796 bus
2407 1747 2465 1796 ad
2473 1754 2785 1802 versariorum
2802 1754 2945 1804 fidem
2963 1756 3220 1820 adiungere
3241 1779 3253 1808 :
3273 1773 3405 1809 nunc
3419 1763 3588 1811 autem
3601 1763 3741 1825 plane
3752 1777 3855 1813 oon·

2300 1833 2497 1882 trarium
2519 1833 2897 1896 deprehendetis.
2968 1838 3096 1888 Olim
3120 1840 3296 1903 quippe
3328 1844 3470 1893 uobIs
3494 1844 3633 1893 tutor
3648 1847 3749 1893 ent
3777 1846 3854 1894 Di·

2299 1908 2427 1969 nias,
2463 1908 2646 1960 invisus
2679 1912 2958 1975 Cleonymo,
2983 1916 3066 1976 qui
3090 1916 3296 1966 necdum
3315 1919 3668 1970 cousuetudine
3698 1924 3852 1971 nostra

2304 1994 2548 2058 utebatur,
2568 1998 2616 2044 et
2634 1995 2708 2045 bis
2725 1997 2948 2047 omnibus
2965 1998 3245 2051 adversariis
3263 2003 3440 2052 nostris
3457 2006 3564 2052 erat
3586 2004 3849 2056 familiaris:

2297 2080 2460 2138 postea
2481 2091 2596 2127 vero
2618 2082 2668 2129 et
2701 2080 2876 2129 horum
2911 2084 3152 2133 nonnullis
3173 2085 3329 2135 factus
3347 2088 3422 2136 est
3452 2086 3681 2137 inimicus
3713 2088 3850 2139 Cleo·

2302 2171 2476 2220 nymus
2492 2194 2507 2219 ‚
2533 2162 2583 2209 et
2602 2160 2741 2210 nobis
2769 2162 3282 2216 familiarissimusesse
3312 2167 3478 2229 coepit.
3545 2170 3647 2231 (31)
3671 2172 3731 2219 Et
3761 2182 3850 2232 qua

2298 2243 2493 2306 quidem
2511 2243 2571 2293 de
2588 2256 2732 2293 causa
2763 2246 3014 2308 Cleonymi
3045 2248 3234 2298 animus
3263 2250 3326 2298 ab
3362 2252 3654 2302 adversariis
3688 2254 3850 2302 nostris

2297 2341 2494 2378 aversus
2522 2330 2611 2391 sit,
2637 2330 2845 2379 otiosum
2878 2334 2950 2380 est
2971 2331 3129 2381 dicere
3154 2352 3168 2382 ε
3207 2333 3275 2382 rei
3305 2336 3470 2384 tamen
3508 2337 3657 2398 ipsius
3690 2350 3848 2397 magus

2297 2410 2474 2460 iudicia
2490 2412 2727 2461 exhibebo
2743 2448 2759 2473 ,
2783 2425 2894 2474 quae
2915 2413 3111 2474 quidem
3131 2426 3214 2476 per
3236 2416 3381 2464 testes
3403 2416 3717 2466 confirmabo.
3735 2420 3846 2467 Nam

2297 2494 2505 2556 primum
2523 2509 2672 2557 quum
2697 2495 2882 2545 Baccho
2899 2509 3089 2546 sacrum
3115 2496 3292 2547 faceret
3323 2497 3647 2562 cleonymus,
3672 2514 3845 2550 omnes·

2297 2593 2396 2642 que
2429 2580 2719 2629 necessarios
2743 2579 3017 2641 multosque
3041 2592 3069 2628 e
3087 2580 3274 2629 civibus
3302 2581 3612 2645 advocasset,
3638 2584 3843 2634 Phe-eui·

2298 2678 2410 2714 cum
2441 2678 2635 2727 prorsus
2664 2677 2761 2714 non
2797 2665 3035 2714 invitavit.
3099 2668 3282 2716 Rursus
3321 2666 3485 2729 paullo
3518 2670 3632 2717 aute
3671 2669 3841 2719 obitum

2298 2764 2448 2813 quum
2469 2754 2761 2800 Panormum
2781 2750 2872 2800 iret
2886 2752 3078 2801 Simone
3096 2753 3272 2801 comite
3287 2788 3303 2815 ,
3329 2755 3713 2817 occurrissetque
3732 2757 3841 2805 forte

2297 2834 2451 2884 eidem
2476 2835 2759 2894 Pherenico,
2780 2847 2876 2883 uon
2904 2835 3015 2884 tulit
3045 2848 3157 2885 eum
3189 2835 3418 2886 salutare.
3484 2839 3585 2901 (32)
3621 2841 3839 2890 praetem

2298 2930 2446 2978 quum
2467 2918 2526 2967 de
2543 2931 2598 2967 ea
2617 2918 2859 2968 simultate
2877 2919 3198 2969 sciscitaretur
3215 2921 3537 2982 Cleonymum
3559 2923 3721 2973 simon
3736 2960 3752 2985 ,
3770 2924 3839 2973 ille

2298 3005 2347 3052 et
2363 3001 2528 3050 odium
2545 3003 2706 3063 aperte
2725 3002 2875 3050 fassus
2899 3002 2971 3051 est
2984 3037 3000 3062 ,
3027 3004 3077 3050 et
3104 3002 3316 3051 minatus
3333 3003 3482 3052 etiam
3500 3016 3552 3053 se
3570 3017 3672 3066 quo
3693 3005 3837 3053 animo

2300 3085 2348 3134 in
2379 3085 2692 3136 Pherenicum
2727 3086 2848 3133 esset
2882 3086 3202 3134 ostensurum.
3269 3087 3335 3136 Ut
3365 3086 3532 3135 autem
3561 3089 3749 3137 constet
3770 3098 3836 3136 me

2298 3181 2412 3217 vera
2427 3168 2610 3228 dicere,
2632 3168 2776 3217 testes
2796 3179 2935 3217 voca.

2948 3292 3192 3335 TESTES.

2359 3413 2437 3461 33.
2468 3409 2727 3471 Postquam
2762 3408 2906 3469 igitur
2923 3407 3237 3470 cognovistis,
3268 3419 3300 3457 o
3322 3406 3444 3469 viri,
3475 3408 3718 3470 quomodo
3740 3410 3856 3471 erga

2297 3510 2386 3545 nos
2402 3495 2786 3557 adversariosque
2805 3496 2991 3543 nostros
3006 3494 3215 3543 affectus
3233 3494 3377 3544 fuerit
3397 3495 3715 3558 Cleonymus,
3731 3510 3835 3546 uum

2297 3583 2527 3646 putabitis
2556 3596 2668 3631 eum
2685 3581 2913 3631 adversus
2927 3594 3040 3643 nos,
3059 3581 3351 3643 quibuscum
3380 3581 3670 3632 amicissime
3690 3596 3835 3633 vena·

2298 3670 2458 3731 batur,
2484 3670 2549 3718 ita
2571 3683 2621 3717 se
2642 3669 2834 3731 gessisse
2856 3670 2912 3717 ut
2945 3681 3007 3717 ne
3037 3668 3298 3729 appellaret
3333 3667 3530 3730 quidem
3567 3667 3621 3718 iu
3640 3669 3834 3731 tabulis3

2298 3758 2370 3807 liis
2387 3759 2548 3806 autem
2561 3793 2576 3818 ,
2593 3768 2798 3819 quorum
2817 3755 3057 3803 nonnullis
3072 3757 3174 3804 erat
3199 3755 3441 3816 infensus,
3460 3768 3745 3818 magnopere
3763 3768 3835 3804 cu·

2260 3846 2264 3853 '
2296 3857 2421 3892 rasse
2431 3846 2485 3892 ut
2494 3845 2762 3892 universam
2777 3842 3084 3891 hereditatem
3102 3844 3356 3890 assereret?
3369 3840 3661 3905 eosdemque
3678 3844 3764 3892 luc
3778 3842 3837 3892 sl-

2297 3931 2497 3979 multate
2518 3929 2837 3979 intercedente
2855 3928 3047 3990 plurimi
3068 3927 3260 3989 fecisse3
3280 3941 3371 3978 nos
3390 3941 3507 3978 vero
3522 3964 3538 3989 ,
3556 3929 3838 3991 quibuscum

2295 4020 2397 4067 erat
2415 4017 2458 4065 ei
2479 4020 2609 4066 tanta
2639 4015 2939 4066 necoesitudo
2959 4016 3007 4065 et
3037 4015 3400 4077 benevolentia,
3433 4016 3838 4067 maluissedamuo

2295 4105 2517 4156 afficere?
2578 4104 2675 4164 (34)
2697 4107 2817 4152 Sane
2829 4140 2844 4164 ,
2859 4103 2898 4151 si
2918 4103 2992 4152 isti
3008 4103 3181 4152 vellent
3198 4104 3283 4152 aut
3301 4102 3488 4152 tabulas
3499 4105 3587 4151 aut
3600 4107 3837 4153 mortum

2297 4193 2564 4254 vituperare
2579 4228 2594 4251 ,
2614 4189 2740 4239 haud
2759 4190 2856 4238 scio
2873 4188 3101 4251 quidnam
3118 4186 3248 4237 aliud
3267 4186 3395 4250 apud
3414 4202 3502 4238 vos
3518 4192 3678 4239 essent
3698 4190 3840 4239 dictu-

2252 4261 2253 4284 *
2297 4280 2335 4328 ri
2354 4316 2368 4333 ,
2391 4292 2542 4340 quum
2563 4276 2782 4326 videlicet
2810 4277 2859 4325 et
2877 4274 3065 4324 tabulas
3090 4274 3221 4323 haud
3240 4277 3370 4325 recte
3398 4276 3645 4325 confectas
3670 4274 3838 4336 siguifi-

2254 4364 2255 4368 ’
2296 4367 2404 4414 cent
2421 4366 2469 4413 et
2487 4363 2573 4426 ipsi
2593 4362 2807 4411 testatori
2833 4375 2929 4410 non
2949 4360 3198 4423 probatas,
3217 4360 3425 4409 eundem
3451 4374 3567 4411 vero
3584 4363 3687 4410 tam
3707 4361 3839 4410 furio-

2254 4454 2255 4458 ’
2295 4465 2401 4501 sum
2429 4450 2696 4511 declarent,
2729 4449 2787 4497 ut
2816 4448 2879 4497 ab
2904 4460 2963 4496 eo
2996 4446 3213 4495 inimicos
3244 4445 3394 4507 pluris
3433 4446 3587 4497 factos
3610 4447 3836 4497 affirment

2294 4550 2439 4600 quam
2465 4536 2717 4585 familiares
2732 4571 2746 4596 ‚
2771 4536 2819 4584 et
2835 4533 2892 4583 iis
2907 4546 3028 4596 quos
3049 4532 3214 4581 vivens
3230 4546 3327 4581 non
3344 4533 3678 4596 alloquebatur
3696 4533 3835 4583 facul·

2296 4627 2418 4673 tates
2442 4623 2503 4671 ab
2521 4621 2687 4671 eodem
2707 4634 2810 4670 esse
2836 4621 3036 4681 legataS,
3056 4617 3398 4667 consuetudine
3425 4621 3591 4668 autem
3612 4618 3832 4668 devinctis

2295 4726 2356 4761 ne
2377 4713 2560 4774 partem
2578 4708 2770 4771 quidem
2790 4708 3085 4770 aliquantam
3104 4703 3246 4755 fuisse
3262 4704 3507 4754 donatam.
3570 4707 3668 4768 (85)
3688 4707 3830 4764 Qum

2296 4799 2404 4861 quis
2422 4800 2636 4847 vestrum
2654 4809 2733 4845 eas
2750 4795 2935 4845 tabulas
2952 4807 3054 4843 esse
3073 4796 3198 4842 ratas
3223 4792 3478 4853 decernat,
3499 4805 3624 4855 quas
3646 4795 3833 4842 testatoe

2296 4887 2393 4948 ipse
2427 4887 2482 4933 ut
2508 4884 2670 4946 inique
2690 4884 2838 4931 factas
2853 4880 3165 4943 improbavit,
3202 4878 3460 4929 adversarii
3488 4881 3652 4928 autem
3679 4888 3913 4939 respuat

2296 4973 2554 5034 abrogant,
2575 4984 2727 5034 quum
2749 4984 2778 5018 a
2806 4968 2943 5018 nobis
2960 4979 3153 5030 quoque
3170 4980 3359 5029 oequam
3378 4966 3643 5029 portionem
3660 4961 3937 5014 nordk—

2296 5061 2405 5109 tatis
2435 5057 2784 5121 percipiendam
2803 5057 2995 5104 censent
3028 5073 3039 5102 ε
3075 5052 3137 5101 ad
3161 5052 3267 5101 liaec
3298 5051 3436 5099 vobis
3460 5048 3607 5099 etiam
3636 5048 3931 5098 dauon—

2254 5152 2255 5163 *
2295 5147 2445 5194 strare
2464 5157 2551 5192 nos
2570 5155 2821 5205 possumus
2839 5141 2979 5189 hasce
2996 5125 3184 5189 tabulas
3200 5139 3250 5187 ct
3278 5135 3462 5199 legibus
3476 5139 3525 5185 et
3542 5132 3747 5199 aequitati
3768 5136 3925 5185 e!

2296 5233 2439 5295 ipsius
2460 5231 2677 5280 testantis
2698 5229 2847 5277 menti
2865 5225 3119 5276 adversari.

2358 5326 2432 5369 36.
2469 5319 2701 5369 Existimo
2726 5318 2886 5365 autem
2904 5316 2984 5376 jus
3007 5314 3222 5362 nostrum
3245 5324 3333 5361 vos
3349 5311 3412 5361 ab
3433 5309 3544 5373 ipsis
3556 5305 3919 5357 adversat-iic

2294 5405 2643 5459 evidentissime
2664 5417 2800 5467 posse
2819 5413 3117 5466 cognoscere.
3143 5401 3265 5450 Nam
3292 5399 3329 5449 si
3360 5398 3466 5461 quis
3487 5410 3566 5446 eos
3590 5393 3711 5456 roget
3731 5402 3911 5441 ω
