4467 6542
346 676 400 728 ιιι
777 661 919 722 aaaron
937 662 1131 723 anoloni
1151 663 1243 723 nnn
1262 662 1339 722 nor·
1361 627 1515 723 Σιιιιον.Ι
1801 665 1941 748 ραι-,ιγ

341 792 472 869 ὠνούμην.
521 791 552 871 (o)
568 789 700 867 Ἧγοῢμαι
714 779 840 860 τοίνυν,ώ
862 788 1029 867 βουλή,ἔμδν
1040 790 1114 868 ἔργον
1161 800 1231 861 igitur
1249 799 1557 862 existimo,senatores,ut
1570 799 1734 852 demonstrem
1748 805 1946 869 exeotemporo

341 880 474 948 ἀποδεῖξαι
488 883 538 950 ὡς,
552 877 641 947 ἐπειδὴ
656 877 685 935 τδ
697 874 791 954 χωρίον
805 875 965 953 ἐκτησάμην,
978 876 1032 935 οὔτ’
1041 878 1116 936 ἐλαία
1161 901 1210 949 quo
1221 900 1305 949 agrum
1318 890 1403 937 nactus
1414 902 1468 937 sum
1478 888 1643 950 nequeolaam
1658 902 1737 952 neque
1754 893 1945 944 meorumnam

340 965 400 1023 οὔτε
413 965 492 1036 σηκὸς
504 968 562 1035 ἐνῆν
574 966 601 1021 ἐν
611 965 691 1042 αὐτῷ.
733 961 839 1038 Νομίζω
850 960 900 1041 γδιρ
912 968 955 1021 τοῦ
966 961 1013 1039 μὲν
1024 964 1116 1043 προτέ·
1164 975 1274 1024 sacraein
1292 976 1459 1024 enexstttinse.
1491 977 1608 1026 Existimo
1619 978 1683 1026 enim
1694 978 1801 1028 anteacti
1812 981 1945 1043 teuperto,

342 1076 387 1133 ρον
396 1053 490 1131 χρόνου
500 1095 508 1124 ,
519 1051 572 1109 οὐδ’
584 1053 606 1108 εἰ
616 1050 698 1107 πάλαι
708 1050 802 1120 ἐνῆσαν
812 1052 911 1127 μυρίαι,
921 1052 966 1108 αιίκ
974 1048 1005 1107 διν
1014 1052 1118 1116 δικαίως
1163 1075 1240 1124 neque
1249 1063 1357 1112 simultae
1365 1063 1461 1112 olimibi
1470 1064 1568 1115 [uiuent
1577 1065 1638 1115 olem
1645 1078 1730 1128 εαοττυ,
1739 1078 1825 1129 poenas
1834 1081 1946 1119 mursae

340 1140 539 1215 ζημιοῦσθαι·εἶ
549 1137 599 1216 γδρ
612 1136 649 1213 μὴ
658 1136 690 1193 δι’
701 1138 840 1211 ἡμᾶςεῖσιν
851 1136 1117 1215 ἦρανισμέναι,οὐδὲν
1163 1148 1263 1197 anobis
1278 1151 1333 1210 jure
1356 1150 1518 1212 postulandas.
1551 1154 1631 1213 Quas,
1652 1151 1766 1215 inquam,
1784 1153 1944 1206 deassinon

340 1225 467 1306 προσήκει
483 1224 608 1304 περὶτῶν
628 1221 769 1302 ἀλλοτρίων
788 1222 987 1302 ἁμαρτημάτων
1006 1228 1041 1291 ὡς
1061 1227 1119 1283 διδι-
1162 1234 1207 1297 ipsi
1218 1235 1373 1298 sustulimus,
1386 1236 1495 1298 iniquum
1509 1239 1570 1287 esset
1581 1250 1625 1287 nos
1635 1240 1732 1301 propter
1749 1238 1831 1289 aliena
1848 1241 1947 1303 peecata

301 1317 448 1378 εοκοῦντας
465 1309 631 1369 κινδυνεύειν.
674 1311 707 1386 ζα)
724 1309 825 1376 Πάντες
839 1307 889 1388 γδρ
902 1309 1040 1368 ἐπίστασθε
1051 1310 1118 1368 ότιδ
1162 1321 1230 1383 quast
1246 1324 1361 1371 nocentes
1375 1321 1400 1371 in
1415 1321 1548 1383 perieulum
1560 1321 1654 1372 adduci.
1686 1324 1721 1385 (6)
1732 1327 1796 1374 llam
1807 1338 1948 1377 aesomnes

340 1399 453 1477 πόλεμος
464 1398 509 1457 καί
528 1397 614 1456 σίλλων
634 1399 737 1455 πολλῶν
762 1395 841 1462 αἴτιος
858 1399 946 1455 κακῶν
964 1396 1115 1473 γεγένηται,
1162 1406 1291 1468 intelligitis
1312 1407 1403 1456 bellurn
1416 1422 1493 1470 quum
1509 1408 1611 1458 aliorum
1629 1409 1813 1474 multorumque
1825 1413 1946 1462 mnarum

340 1488 386 1546 καὶ
396 1487 429 1545 τδι
441 1483 488 1563 μέν
499 1485 588 1564 πόρρω
599 1483 648 1542 ὑπὸ
660 1482 872 1559 Λακεδαιμονίων
890 1482 1027 1560 ἐτέμνετο,
1041 1483 1075 1542 τδι
1094 1489 1117 1543 δ’
1162 1506 1259 1544 οαυεοιιι
1278 1495 1362 1556 tuisse,
1374 1497 1428 1544 tum
1438 1509 1495 1557 quae
1515 1495 1604 1545 ament
1614 1495 1708 1559 longius
1724 1510 1740 1547 ε
1755 1499 1947 1550 ιαοοιὶεεωοαίὶε

341 1572 416 1651 ἐγγὺς
425 1573 476 1631 ὑπὸ
488 1577 539 1631 τῶν
549 1573 630 1652 φίλων
641 1572 811 1650 διηρπάζετο
824 1568 891 1628 ὥστε
904 1574 957 1637 πῶς
970 1569 1000 1630 ἀν
1016 1570 1119 1637 δικαίως
1163 1580 1235 1630 [τίετο
1256 1582 1359 1643 succisa,
1380 1595 1436 1643 qum
1453 1582 1564 1645 propiora
1588 1583 1620 1632 ab
1638 1584 1722 1632 amieis
1738 1584 1844 1647 direpta.
1892 1590 1947 1644 Quo

341 1661 406 1737 ὑπὲρ
426 1663 477 1717 τῶν
500 1663 532 1737 τῇ
553 1660 627 1717 πολει
645 1656 824 1736 γεγενημένων
842 1661 980 1736 συμφορῶν
999 1656 1050 1734 ἐγὼ
1064 1658 1119 1716 νυν“ι
1162 1666 1242 1728 itaque
1250 1667 1304 1728 jure
1313 1682 1395 1717 earnm
1408 1668 1584 1731 calamitatum,
1598 1671 1758 1732 quesivitati
1770 1674 1832 1720 tune
1840 1672 1947 1734 οοαθμε-

341 1746 415 1819 δίκην
427 1746 538 1818 διδοίηνς
551 1745 636 1812 άλλως
652 1768 680 1803 τε
691 1745 737 1803 καί
745 1750 820 1802 τοῦτο
831 1743 861 1802 τὸ
874 1744 969 1822 χοιρίον
984 1745 1010 1801 ἐν
1021 1747 1059 1823 τῷ
1070 1768 1119 1803 πο-
1162 1752 1232 1810 runt,
1246 1765 1322 1812 prenae
1334 1765 1394 1801 ame
1405 1755 1556 1815 repetantur?
1570 1755 1702 1816 presertim
1713 1768 1791 1817 (γυααι
1802 1756 1844 1805 laio
1857 1756 1948 1806 tundus

340 1833 413 1913 λέμῳ
423 1831 547 1908 δημευθὲν
558 1832 690 1911 ἄπρακτον
700 1825 731 1903 ἦν
741 1833 830 1889 πλεῖον
843 1830 929 1910 ἣτρία
941 1830 998 1902 ἔτη.
1034 1833 1066 1908 (7)
1078 1834 1117 1890 Οὐ
1163 1836 1187 1885 in
1206 1838 1269 1887 bello
1292 1838 1427 1900 publicatus
1442 1852 1484 1901 per
1506 1839 1624 1902 integrum
1641 1841 1774 1892 triennium
1801 1844 1828 1892 et
1844 1843 1948 1905 aramius

290 1921 488 1997 Ιθθθαυμαστὸν
502 1922 523 1977 δ’
538 1922 561 1978 εἰ
572 1920 629 1978 τότε
640 1918 687 1985 τδς
716 1918 807 1997 μορίας
823 1917 968 1990 ἐξέκοπτον,
983 1910 1044 1998 ἐνῷ
1060 1920 1118 1976 οὐδὲ
1162 1924 1387 1974 nontueritcultus.
1421 1927 1453 1988 (7)
1469 1927 1531 1975 llilril
1541 1927 1622 1988 itaque
1636 1927 1690 1976 miri
1706 1928 1779 1991 siper
1789 1928 1814 1976 id
1829 1929 1947 1990 temporie

340 2006 373 2066 τδ
384 2007 491 2087 ἡμέτερ’
509 2009 594 2065 αὐτῶν
604 2006 741 2088 φυλάττειν
755 2005 916 2082 ἠδυνάμεθα.
957 2005 1118 2065 Ἐπίστασθε
1162 2011 1355 2060 exscinderentur
1372 2013 1432 2061 olera
1448 2026 1536 2075 sacrm,
1552 2013 1577 2062 in
1599 2027 1648 2077 quo
1666 2028 1746 2077 noque
1761 2017 1870 2079 proprias
1891 2028 1948 2079 ροτ-

340 2093 379 2165 δέ,
389 2118 411 2150 ω
425 2093 520 2172 βουλή,
530 2092 586 2151 όσοι
603 2092 717 2169 μάλιστα
735 2097 786 2150 τῶν
802 2092 922 2151 τοιούτων
940 2094 1117 2168 ἐπιμελεῖσθε,
1162 2099 1277 2147 sessiones
1290 2100 1363 2147 tutari
1373 2100 1502 2161 [uiuimus.
1517 2100 1947 2165 ltostisautem,senatorm‚vomna

339 2182 426 2238 πολλὰ
436 2183 462 2238 ἐν
474 2181 563 2257 ἐκείνῳ
572 2185 609 2260 τῷ
618 2180 703 2260 χρόνῳ
711 2179 792 2237 δασέα
804 2180 865 2238 ὄντα
875 2179 953 2247 ἰδίαις
962 2180 1007 2237 καί
1018 2178 1119 2258 μορίαις
1162 2186 1267 2233 maxime
1286 2186 1328 2247 qui
1342 2186 1427 2235 harum
1446 2201 1526 2236 rerum
1545 2201 1627 2237 euram
1641 2189 1736 2251 geritis,
1750 2190 1830 2239 multa
1842 2190 1896 2239 loen
1906 2191 1946 2239 ilia

341 2260 503 2344 ἐλαίαις,ών
519 2274 563 2326 νῦν
579 2269 613 2325 τὰ
631 2267 717 2326 πολλὰ
728 2270 884 2325 ἐκκέκοπται
902 2266 947 2325 καὶ
966 2272 982 2337 ἡ
1002 2272 1036 2343 γῆ
1054 2267 1117 2346 ψιλὴ
1162 2275 1302 2334 tempestate
1309 2273 1367 2323 oleis
1375 2288 1450 2337 quum
1461 2275 1558 2337 privatis
1566 2277 1619 2324 tum
1626 2276 1699 2325 sacris
1707 2276 1787 2326 obsita
1796 2277 1945 2340 famenn-

340 2355 490 2433 γεγένηται·
502 2355 546 2412 καὶ
566 2358 616 2411 τῶν
631 2356 715 2411 αὐτῶν
730 2354 775 2411 καὶ
795 2357 821 2411 ἐν
835 2358 867 2431 τῇ
880 2353 969 2431 εἰρήνῃ
985 2354 1029 2411 καί
1044 2357 1070 2412 ἐν
1080 2359 1117 2432 τῷ
1164 2372 1218 2406 runa
1231 2373 1296 2408 nunc
1312 2360 1421 2421 plurinum
1434 2361 1520 2410 excisae
1531 2364 1602 2423 sunt,
1616 2364 1641 2413 et
1652 2363 1732 2412 solum
1750 2376 1858 2413 saeuum
1872 2365 1944 2416 rolin·

315 2442 449 2522 οπολέμῳ
463 2440 627 2517 κεκτημένων
646 2444 690 2498 οὐκ
709 2440 809 2508 ἀξιοῦτε
828 2445 891 2519 παρ’
913 2443 1007 2512 αὐτῶν,
1024 2442 1116 2521 ἐτέρων
1162 2446 1257 2507 quitur.
1290 2448 1413 2504 Quoeloea
1433 2448 1527 2497 tanietsi
1543 2448 1568 2497 in
1584 2462 1642 2511 paee
1661 2452 1735 2511 atque
1749 2450 1775 2500 in
1791 2451 1857 2503 bello
1874 2451 1943 2502 iidem

340 2530 515 2611 taxationes,
530 2529 602 2599 δίκην
618 2528 772 2605 λαμόάνειν.
816 2529 849 2605 (o)
866 2527 958 2585 Καίτοι
968 2530 991 2584 εἰ
1004 2527 1061 2594 τοὺς
1076 2528 1118 2586 διὰ
1163 2533 1322 2594 possiderent,
1334 2538 1465 2584 vestanen
1478 2536 1557 2597 abiis,
1568 2536 1599 2585 ob
1608 2550 1637 2586 ea
1647 2551 1702 2599 qaiae
1716 2538 1757 2586 alii
1774 2538 1942 2601 exeruerunt,

340 2619 435 2685 παντὸς
459 2623 503 2677 τοῦ
529 2617 622 2696 χρόνου
645 2621 819 2695 γεωργοῦντας
848 2619 893 2684 τῆς
916 2615 1000 2682 αἰτίας
1018 2616 1116 2692 ἀφίετε,
1163 2620 1479 2683 innnasnoluiatnrepetere.
1512 2623 1942 2689 (8)Atenimslperpetuosngr·orum

340 2697 408 2776 ἦπου
422 2703 474 2783 χρὴ
490 2702 547 2767 τούς
567 2706 591 2779 γ’
608 2704 633 2760 ἐν
652 2709 685 2783 τῇ
704 2702 792 2782 εἰρήνη
810 2701 966 2782 πριαμένους
989 2705 1032 2782 ἀρ’
1047 2706 1119 2779 ὑμῶν
1163 2711 1260 2759 colonos
1277 2712 1342 2760 oriani
1358 2714 1427 2775 eulpa
1439 2714 1573 2777 absolvitis,
1585 2728 1626 2765 eos
1639 2718 1703 2765 certe
1714 2716 1758 2778 qui
1772 2717 1799 2765 iu
1814 2731 1873 2780 pace
1887 2731 1940 2769 oue·

344 2792 468 2866 ἀζημίους
484 2789 614 2867 γενέσθαι.
1164 2803 1260 2847 merent
1273 2813 1288 2846 n
1299 2800 1366 2848 rolris
1376 2800 1498 2852 indemnes
1506 2814 1558 2850 esse
1568 2802 1644 2852 decet.

379 2901 400 2938 a.
423 2877 502 2937 Ἀλλὰ
520 2877 586 2955 γάρ,
609 2865 630 2934 ώ
655 2873 752 2953 βουλή,
769 2873 829 2951 περὶ
850 2874 896 2951 μὲν
920 2879 970 2933 τῶν
994 2874 1117 2954 πρότερον
1193 2891 1216 2935 o.
1234 2887 1460 2949 verumenimvero,
1478 2889 1616 2948 senatores,
1643 2900 1718 2949 quum
1737 2889 1818 2939 multa
1844 2889 1940 2940 habeam

340 2964 517 3043 γεγενημένων
532 2962 617 3021 πολλὰ
636 2961 703 3040 ἔχων
719 2965 798 3020 εἰπεῖν
817 2963 894 3020 ίκανδι
913 2963 1009 3038 νομίζοι
1027 2962 1060 3020 τδι
1081 2965 1117 3020 εἰ·
1163 2985 1219 3033 qum
1236 2972 1266 3020 de
1285 2973 1434 3034 temporibus
1449 2974 1565 3023 anteactis
1575 2974 1622 3024 dici
1635 2976 1762 3036 poterant,
1778 2990 1809 3026 ea
1824 2992 1881 3041 quse
1895 2980 1940 3041 taur

345 3052 459 3129 ρημένα·
477 3049 566 3121 ἐπειδὴ
592 3051 614 3107 δ’
637 3048 688 3126 ἐγὼ
709 3049 857 3130 παρελαόον
878 3049 908 3108 τὸ
929 3050 1033 3128 χοιρίον,
1059 3049 1117 3129 πρὶν
1162 3058 1226 3107 dieta
1236 3064 1292 3108 sunt
1301 3060 1409 3109 sufficere
1418 3060 1529 3110 arbitror.
1560 3064 1690 3123 Postquam
1700 3067 1873 3128 egoempturn
1883 3066 1940 3129 aget-

340 3141 439 3220 ἡμέρας
461 3140 536 3197 πέντε
560 3136 691 3214 γενέσθαι,
714 3136 884 3214 ἀπεμίσθωσα
911 3136 1117 3217 Καλλιστράτῳ,
1162 3145 1213 3194 lum
1225 3146 1530 3209 aceepi,quinquedlebus
1539 3148 1580 3197 rix
1590 3149 1675 3211 elapsis
1685 3149 1827 3201 Callistrato
1836 3153 1940 3216 elocari,

304 3247 330 3287 lo
343 3227 385 3285 ἐπὶ
401 3223 555 3303 Πυθοδώρου
570 3224 707 3303 ἄρχοντος·
722 3226 766 3301 (ιιι)
783 3223 808 3290 ὃς
823 3222 867 3282 δύο
883 3224 929 3295 ἐτη
948 3223 1117 3301 ἐγεώργησεν,
1164 3234 1283 3283 ΑεοΙιοιιῐο
1293 3235 1436 3296 Pythodoro.
1455 3237 1503 3297 (to)
1511 3236 1686 3299 lllearavltper
1694 3237 1836 3303 biennium,
1846 3244 1937 3306 αοοιγέε

341 3313 399 3372 οὗτε
416 3313 482 3371 ἰδίαν
498 3311 587 3371 ἐλαίαν
602 3309 660 3368 οὔτε
673 3310 764 3388 μορίαν
779 3311 837 3369 οὔτε
851 3311 930 3383 σηκὸν
945 3311 1116 3391 παραλαόών.
1163 3334 1241 3382 umine
1254 3322 1346 3383 priuata
1355 3324 1421 3383 olea,
1431 3336 1508 3385 neque
1517 3337 1583 3372 sacra
1592 3338 1684 3388 ,neque
1695 3328 1937 3379 truneosaerrenlern

340 3402 424 3482 Τρίτῳ
437 3404 459 3459 δ’
472 3400 523 3458 ἔτει
536 3399 684 3477 Δημήτριος
698 3398 783 3457 οὑτοσὶ
794 3399 934 3478 εἰργάσατο
945 3401 1068 3457 ἐνιαυτόν·
1080 3403 1117 3479 τῷ
1161 3413 1230 3457 Anno
1244 3409 1314 3457 tortio
1328 3422 1371 3471 per
1386 3423 1476 3457 annum
1495 3411 1570 3458 noluit
1581 3411 1724 3461 Demetrius.
1757 3417 1853 3472 Quarto
1861 3415 1939 3465 deindo

340 3489 368 3548 δέ
377 3489 493 3569 τετάρτῳ)
507 3487 596 3567 ’Λλκίορ
609 3484 780 3552 Ἀντισθένους
791 3485 954 3565 ἀπελευθέρῳ
968 3485 1116 3562 ἐμίσθωσα,
1162 3505 1224 3541 anno
1234 3494 1322 3542 elocari
1340 3494 1427 3554 Aleiae,
1440 3495 1586 3544 Antisthenis
1602 3495 1701 3557 liberto,
1711 3497 1800 3549 abhinc
1816 3502 1940 3551 triennium

339 3577 493 3645 όςτέθνηκε
515 3581 597 3632 ταῦτα
616 3573 675 3653 τρία
697 3572 751 3645 ἔτη.
793 3572 906 3649 Ὁμοίοις
926 3573 971 3630 καὶ
994 3571 1119 3654 Πρωτέας
1162 3583 1268 3627 mortno.
1282 3580 1334 3628 Pari
1343 3582 1413 3641 paeto
1422 3581 1494 3629 etiam
1505 3584 1601 3633 Proteus
1610 3583 1714 3635 fundum
1725 3587 1854 3640 medune
1867 3592 1938 3653 atqu

341 3663 512 3741 ἐμισθώσατο.
553 3660 608 3721 Καί
623 3684 667 3738 μοι
679 3662 747 3739 δεῦρ’
760 3659 797 3718 ire
812 3659 949 3740 μάρτυρες.
1164 3666 1210 3715 truc
1221 3666 1278 3716 naild
1289 3668 1360 3717 testes
1367 3666 1495 3717 ascendite.

642 3812 813 3861 ullumne.
1488 3816 1611 3865 TESTES.

383 3961 416 4000 ιι.
438 3937 547 4010 Ἐπειδὴ
570 3938 652 3998 τοίνυν
672 3943 686 3997 ό
708 3939 799 4019 χρόνος
823 3930 895 4006 οὗτος
915 3938 1018 4013 ἐξήκει,
1043 3935 1118 4003 αὖτὀς
1195 3949 1233 3994 tl.
1251 3948 1286 3994 Eo
1300 3944 1488 4006 igiturternpore
1503 3945 1589 3994 exacto
1600 3944 1650 4007 ipse
1664 3945 1720 3994 uolo
1734 3947 1850 4009 agellum.
1879 3951 1938 3998 con·

343 4032 461 4106 γεοιργῶ.
493 4027 567 4098 Φησὶ
577 4027 603 4083 δὲ
614 4030 627 4083 δ
639 4026 780 4106 κατήγορος
791 4027 832 4083 ἐπὶ
844 4027 984 4085 Σουνιάδου
997 4026 1119 4103 ἄρχοντος
1162 4033 1238 4081 tendit
1255 4035 1335 4081 antem
1356 4034 1488 4094 aecusator,
1510 4033 1609 4093 Lysiade
1628 4033 1765 4097 archonte,
1787 4049 1862 4086 sacrae
1881 4037 1937 4087 olen

340 4114 419 4184 σηκδν
432 4114 476 4169 ὑπ’
489 4114 553 4189 ἐμοῦ
567 4113 731 4191 ἐκκεκόφθαι.
755 4114 834 4187 Ὑμῖν
849 4112 877 4169 δέ
888 4113 1117 4190 μεμαρτυρήκασιν
1163 4123 1321 4168 truneunrmo
1330 4120 1464 4168 exscidisse.
1497 4120 1797 4182 atronis-conprobatum
1808 4124 1938 4175 tuiteorum

301 4219 326 4261 lo
341 4205 364 4260 ot
378 4200 501 4280 πρότερον
515 4201 680 4279 ἐργαζόμενοι
694 4201 739 4259 καί
755 4199 840 4258 πολλὰ
853 4199 897 4269 ἐτη
913 4203 974 4277 παρ’
989 4202 1052 4273 ἐμοῦ
1069 4221 1116 4274 με·
1162 4207 1302 4256 testimoniis
1313 4207 1355 4268 qui
1365 4206 1465 4255 lundam
1478 4207 1569 4268 priores
1581 4207 1708 4256 uoluerunt
1721 4222 1766 4271 per
1779 4211 1938 4273 pluresannos

340 4288 498 4364 μισθοιμένοι
512 4285 550 4363 μὴ
560 4278 623 4345 εἶναι
636 4287 714 4358 σηκὸν
726 4290 751 4345 ἐν
766 4291 803 4366 τῷ
814 4287 913 4366 χωρίῳ.
955 4287 1050 4346 Καίτοι
1063 4289 1117 4351 πῶς
1161 4308 1175 4342 u
1187 4308 1225 4343 me
1236 4294 1396 4353 conductum,
1409 4294 1503 4342 nullum
1515 4293 1539 4342 ln
1549 4306 1578 4343 eo
1587 4296 1701 4343 munuum
1710 4298 1851 4348 samaeolam
1858 4299 1935 4349 tuine.

339 4375 371 4433 άν
386 4375 567 4454 τιςρανερωτέ
635 4374 770 4453 ἐξελέγξειε
786 4375 942 4454 ψευδόμενον
968 4373 1011 4430 τδν
1033 4372 1117 4443 κατή-
1161 4383 1207 4438 Qul
1219 4393 1276 4429 vero
1288 4380 1373 4444 aliquis
1383 4382 1546 4429 accusatorem
1555 4393 1626 4430 suum
1638 4380 1758 4432 mendaeil
1770 4388 1938 4447 apertiusoon·

338 4485 427 4540 γορον;
442 4463 471 4520 οὐ
485 4460 535 4540 γδρ
556 4398 617 4519 oft?
627 4484 666 4535 τε,
687 4461 704 4518 δ
722 4461 844 4542 πρότερον
859 4459 896 4537 μὴ
914 4451 957 4535 ἦν,
972 4465 1055 4519 ταῦτα
1073 4459 1115 4517 τὸν
1161 4468 1256 4515 vineat?
1273 4481 1320 4515 non
1332 4468 1396 4516 enirn
1412 4467 1463 4516 lieri
1476 4469 1555 4529 potest
1571 4471 1599 4517 ut
1612 4481 1668 4530 quta
1680 4469 1741 4519 oiim
1753 4484 1803 4521 non
1816 4475 1897 4537 mant,
1910 4485 1939 4523 a

339 4549 444 4629 ὕστερον
458 4546 626 4628 ἐργαζόμενον
643 4548 781 4626 ἀρανίζειν.
1160 4556 1243 4616 utique
1252 4556 1351 4604 colonus
1362 4555 1583 4604 ultimusaboleret.

380 4656 414 4698 lo.
436 4635 508 4713 Ἐγώ
519 4634 613 4711 τοίνυν,
628 4626 650 4694 ὦ
666 4635 760 4714 βουλή,
774 4638 801 4694 έν
815 4634 863 4712 μέν
880 4639 918 4712 τῷ
938 4633 1000 4701 τέως
1016 4634 1115 4715 χρόνῳ,
1194 4649 1229 4689 12.
1247 4640 1377 4702 Equidem,
1399 4643 1535 4703 senatores,
1556 4642 1577 4692 si
1592 4642 1632 4704 qui
1650 4654 1690 4692 me
1705 4646 1763 4694 ante
1779 4644 1827 4695 troc
1845 4647 1946 4710 ternpus

339 4720 394 4780 όσοι
408 4746 440 4798 με
458 4722 579 4802 φάσκοιεν
594 4722 673 4780 δεινὸν
688 4712 811 4779 εἶναικαὶ
826 4721 922 4802 ἀκριθῆ
937 4722 982 4778 καὶ
995 4720 1067 4779 οὐδέν
1084 4720 1115 4779 διν
1160 4729 1273 4779 dixissent
1292 4742 1371 4778 aurern
1389 4742 1440 4778 asse
1453 4729 1477 4777 et
1490 4728 1642 4791 diligentem,
1656 4742 1686 4779 ac
1700 4730 1761 4781 nillil
1781 4745 1889 4796 unquam
1903 4739 1944 4785 te-

205 4858 208 4864 .
301 4830 328 4869 ao
342 4810 397 4885 εἰκῇ
406 4808 450 4867 καί
463 4808 605 4887 ἀλογίστοις
616 4813 738 4882 ποιῆσαι,
748 4809 909 4887 ἠγανάκτουν
922 4807 965 4887 ἀν,
977 4809 1116 4887 ἡγούμενος
1160 4833 1224 4869 mere
1237 4822 1346 4882 agentem
1363 4822 1388 4870 et
1403 4820 1552 4882 inmusulto,
1566 4820 1673 4869 tulissem
1686 4823 1802 4886 graviter,
1815 4827 1882 4876 ratus
1890 4826 1943 4876 soi·

340 4897 439 4972 μᾶλλον
460 4895 579 4974 λέγεσθαι
593 4893 628 4964 ώς
642 4920 686 4973 μοι
706 4901 836 4977 προσῆκε·
851 4902 894 4954 νῦν
917 4895 944 4955 δέ
963 4896 1062 4963 πάντας
1083 4896 1114 4953 ἂν
1159 4908 1215 4957 lieet
1225 4907 1358 4969 supralrec
1367 4907 1413 4956 dici
1427 4921 1500 4969 quam
1514 4908 1544 4957 de
1560 4920 1599 4957 me
1611 4908 1718 4970 oportuit
1733 4928 1740 4959 ε
1753 4924 1820 4961 nuno
1831 4923 1950 4964 errores

341 4986 408 5057 θμδς
423 4982 562 5059 βουλοίμην
576 4983 637 5065 περὶ
652 4986 715 5060 ἐμοῦ
731 4982 828 5056 ταύτην
847 4982 894 5053 τλν
911 4981 1017 5060 γνώμην
1037 4983 1114 5063 ἔχειν,
1158 5008 1242 5044 ornnes
1252 4995 1338 5044 uellem
1350 4995 1384 5043 ita
1393 4994 1423 5044 de
1432 5008 1472 5044 me
1480 4995 1581 5056 sentire,
1592 4996 1619 5043 ut
1629 4994 1771 5046 existimetis
1786 5010 1945 5063 maperpen-

339 5066 383 5126 θνα
403 5071 501 5147 ἡγῆσθέ
516 5095 549 5147 με
563 5077 677 5146 σκοπεῖν,
689 5071 762 5153 είπερ
776 5070 897 5139 τοιούτοις
916 5073 998 5151 ἔργοις
1012 5072 1113 5151 ἐπεχεί-
1158 5081 1233 5143 disse,
1243 5082 1262 5130 si
1272 5082 1362 5144 aliquid
1372 5083 1420 5131 tale
1428 5082 1576 5144 aggrederer,
1588 5080 1647 5143 quid
1656 5081 1717 5132 tueri
1726 5096 1881 5136 aoeessurum
1893 5099 1943 5136 ex·

341 5178 412 5235 ρουν,
427 5154 536 5215 καθότι
551 5157 639 5239 κέρδος
652 5158 750 5238 ἐγένετο
768 5163 804 5239 τῷ
825 5158 977 5239 ἀρανίσαντι
996 5160 1039 5217 καί
1058 5159 1114 5230 ἥτις
1157 5170 1347 5232 scindenti,quid
1356 5170 1536 5219 rursumdarnni
1546 5170 1593 5218 hoe
1602 5169 1696 5218 sedenti
1703 5184 1857 5223 sinemurum
1864 5175 1939 5231 mett

341 5243 422 5320 ζημία
445 5247 481 5323 τῷ
499 5243 651 5322 ποιήσαντι,
666 5248 711 5305 καὶ
729 5246 755 5305 τί
775 5247 806 5305 δν
830 5247 915 5305 λαθὼν
937 5245 1114 5327 διεπραξάμην
1158 5257 1299 5320 ιγιιίιθεοιιεω
1308 5254 1938 5324 mnseeutussilatuisseur,quidar·obisrnallonpu·

341 5331 385 5389 καὶ
398 5331 424 5389 τί
435 5330 467 5389 ἂν
480 5331 586 5412 φανερός
601 5333 733 5408 γενόμενος
750 5338 793 5414 tp'
810 5338 882 5410 ὑμῶν
898 5334 1024 5412 ἔπασχον.
1067 5337 1112 5411 (τε)
1158 5347 1227 5393 turus
1240 5357 1315 5394 essem
1330 5344 1499 5407 deprehensns.
1516 5347 1566 5406 (1³)
1576 5347 1666 5393 Omnes
1676 5344 1741 5393 enirn
1756 5343 1932 5398 ramerud·

342 5417 443 5486 Πάντες
456 5418 507 5500 γδιρ
525 5418 655 5500 ἀνθρωττοι
668 5419 702 5478 τὰ
718 5428 824 5480 τοιαῦτα
840 5424 890 5501 οὐχ
910 5421 1020 5501 θθριως,
1043 5422 1110 5480 ἀλλὰ
1158 5446 1215 5482 uara
1224 5431 1359 5494 liujusmodi
1371 5446 1419 5483 nen
1431 5431 1564 5484 lascivienti
1573 5430 1722 5494 natumsed
1732 5435 1842 5497 dumus
1850 5443 1927 5493 etun,
