4467 6542
344 678 380 730 24
895 671 1146 729 ΑΝΤΙΦΩΝἹῸΣ
1168 673 1292 732 ΛΟΓΟΣ
1314 674 1349 731 Ε.

344 797 423 864 ξαντα
437 796 477 856 ότι
491 797 626 856 ἀδικεῖται·
644 797 689 856 τόν
703 819 731 856 τε
742 795 869 877 φεύγοντα
884 797 985 856 ἀνόσιον
998 798 1115 869 ἁλῶναι,

343 884 380 959 μὴ
395 889 510 966 φανερῶς
527 883 681 963 ἐλεγχθέντα
699 884 716 941 ἀ
730 886 903 946 ἐπικαλεῖται.
946 887 993 962 (ιο)
1010 886 1115 945 Obsessi

342 971 369 1029 ἀὲ
383 975 412 1030 έκ
423 973 518 1039 παντὸς
531 972 626 1052 τρόπου
637 977 688 1030 τῶν
699 972 869 1047 ἐγκλημάτων
882 972 1061 1049 ἀπολυομένου
1070 978 1115 1030 τοῦ

342 1059 448 1138 ἀνδρός,
461 1064 538 1136 ἡμεῖς
551 1059 686 1139 ὁσιώτερον
707 1059 767 1136 ύμῖν
780 1060 973 1137 ε’πισκήπτομεν
988 1061 1052 1138 ὑπὲρ
1068 1063 1115 1117 αὖ·

340 1154 401 1222 τοῦ,
424 1149 461 1224 μὴ
476 1150 519 1207 τὸν
542 1148 620 1227 φονέα
641 1154 779 1219 ζητοῦντας
798 1149 916 1217 κολάζειν
935 1148 978 1207 τὸν
1001 1149 1114 1227 καθαρόν

340 1238 509 1297 ἀποκτείνειν.
551 1236 626 1296 Ὅτε
640 1236 690 1315 γάρ
704 1236 856 1304 ἀποκτείνας
870 1236 961 1296 τούτου
975 1237 1115 1296 ἀποθανόν-

301 1346 326 1381 ιιι
339 1347 380 1390 τος
394 1325 466 1383 οὐδὲν
478 1318 556 1396 ἧσσον
569 1329 622 1390 τοῖς
636 1324 725 1390 αἰτίοις
734 1324 924 1404 προστρόπαιος
941 1328 1028 1402 ἔστιν,
1042 1316 1115 1393 οὗτός

339 1438 366 1471 τε
380 1414 487 1480 ἀνοσίως
501 1412 648 1493 διαρθαρείς
663 1411 798 1470 διπλάσιον
813 1412 951 1485 καθίστησι
967 1412 997 1471 τό
1009 1411 1114 1489 μίασμα

338 1505 390 1559 τῶν
406 1501 545 1580 ἀλιτηρίων
561 1509 613 1566 τοῖς
631 1498 813 1558 ἀποκτείνασιν
831 1499 919 1560 αὐτόν.
962 1499 1006 1579 (11)
1023 1502 1114 1560 Ταῦτα

337 1580 382 1646 eds
402 1589 510 1656 δεδιότες
523 1589 565 1647 τὸν
581 1587 627 1661 μέν
641 1587 754 1666 καθαρὸν
779 1588 904 1667 ὑμέτερον
922 1594 1025 1666 ἡγεῖσθε
1048 1580 1114 1648 εἶναι

338 1667 458 1734 ἀπολύειν
474 1680 519 1745 τῆς
532 1675 629 1745 αἰτίας,
643 1674 687 1733 τὸν
702 1675 729 1732 δέ
743 1676 836 1753 μιαρὸν
850 1679 888 1755 τῷ
901 1675 987 1756 χρόνῳ
1000 1677 1111 1734 ἀποδόν-

337 1786 377 1829 τες
391 1767 469 1843 ρῆναι
483 1771 534 1829 τοῖς
548 1761 655 1839 ἔγγιστα
676 1768 846 1842 τιμωρεῖσθαι
866 1763 1027 1821 ὑπολείπετε·
1047 1763 1115 1821 ούτω

331 1850 381 1930 γάρ
396 1849 546 1909 δικαιότατα
558 1850 601 1908 καὶ
620 1847 749 1908 ὁσιώτατα
774 1849 894 1930 πράξαιτ’
907 1850 948 1910 ἀν.

637 2037 821 2059 ...ορ-.-

707 2150 740 2207 E.

301 2320 323 2356 ra
460 2307 549 2364 ΠΕΡΙ
571 2305 647 2363 Tol·
669 2306 822 2365 illistam·
843 2307 988 2366 dorlon.

648 2477 812 2520 inoculare.

295 2642 322 2676 au
334 2624 404 2679 Ἕλος
415 2641 449 2679 τις
459 2625 614 2679 Μυτιληναῖος
629 2624 685 2686 ἀνὴρ
704 2624 726 2679 ἐξ
741 2625 840 2680 Ἀθηνῶν
852 2625 1006 2673 neccessitas
1018 2627 1115 2684 ἀνήγετο

365 2696 457 2757 ‘liedes
469 2696 500 2749 εἰς
510 2696 550 2749 τὴν
565 2694 632 2741 Αἶνον
646 2707 651 2717 ·
666 2698 696 2748 ὡς
710 2695 734 2741 δὲ
751 2695 855 2749 πλέοντες
869 2695 972 2755 ἐγένοντο
989 2697 1012 2744 έν
1022 2703 1051 2757 τῇ
1065 2700 1114 2753 als·

367 2765 440 2825 θύμνη
450 2769 490 2819 τῆς
499 2764 602 2821 deamo,
608 2764 687 2819 ἐπειδὴ
694 2763 838 2823 ἀστέγαστον
847 2764 875 2822 ἦν
884 2766 911 2812 τὸ
916 2766 1006 2824 πλοῖον,
1014 2766 1115 2827 εὑρόντες

367 2835 442 2894 ἕτερον
452 2833 620 2893 ἐστεγασμένον
633 2834 771 2894 μετέάησαν.
806 2835 962 2882 almitatem
973 2836 997 2883 οὲ
1005 2837 1081 2883 αὐτῶν
1091 2837 1114 2884 έν

366 2905 430 2964 αὐτῷ
438 2903 513 2959 ἐξῆλθε
519 2904 570 2964 περὶ
576 2904 616 2959 τὴν
623 2903 721 2963 έοπὲραν
731 2905 744 2950 ό
753 2904 859 2963 Ἡρώδης
869 2905 908 2951 καὶ
920 2904 997 2952 οὐκέτι
1003 2906 1113 2962 εἰσῆλθεν.

366 2970 545 3025 Ἐπανελθόντος
565 2970 605 3018 οὖν
623 2972 747 3018 αὐτοῦτοῦ
761 2972 833 3019 'iliae
850 2972 935 3033 μόνου,
957 2975 979 3021 ot
999 2982 1115 3036 συγγενεῖς

366 3046 408 3090 τοῦ
417 3041 593 3096 τελευτήσαντος
610 3039 738 3101 ἐγράψαντο
751 3040 791 3101 μὲν
800 3040 840 3088 τὸν
849 3041 919 3088 Ἐλον
929 3043 960 3096 ὡς
969 3048 1114 3105 κακοῦργον,

367 3112 391 3158 ἐν
400 3112 424 3159 δὲ
439 3115 472 3171 τῷ
482 3109 623 3171 δικαστηρίῳ
634 3109 798 3170 ἀγωνιζόμενοι
815 3109 895 3169 εἰπον,
907 3110 942 3157 ότι
956 3112 995 3157 καὶ
1005 3110 1113 3159 ἀπέκτει-

365 3196 402 3227 νεν
415 3180 492 3227 αὐτόν.
524 3180 553 3227 Ὁ
564 3180 589 3226 δὲ
600 3180 627 3226 τὸ
639 3179 681 3239 μέν
692 3184 732 3236 τῆς
741 3178 882 3238 κακουργίας
894 3178 1000 3240 ἔγκλημα
1015 3179 1113 3229 ἀπολύε·

367 3266 406 3297 ται
419 3255 616 3311 παραγραρικῶς,
627 3251 701 3309 λέγων
713 3249 856 3311 κακούργους
871 3249 930 3297 εἶναι
946 3251 999 3305 τούς
1013 3251 1113 3307 κλέπτας

366 3320 406 3366 καὶ
416 3320 564 3377 λωποδύτας,
582 3319 614 3365 ὼν
628 3320 694 3366 οὐδέν
706 3318 824 3373 ἀπέδειξάν
837 3334 866 3380 με
885 3320 1030 3376 ποιήσαντα1
1043 3338 1110 3383 μετα·

366 3389 441 3436 salvo
459 3388 480 3435 δ’
491 3389 528 3435 ἐπὶ
540 3389 581 3445 τήν
590 3389 647 3450 ὑπὲρ
658 3393 700 3436 τοῦ
709 3388 778 3450 φόνου
788 3388 928 3449 ἀπολογίαν,
940 3392 979 3437 καί
989 3407 1114 3453 στοχαστι-

366 3464 414 3513 κῶς
426 3456 570 3518 ἀγωνίζεται.
603 3458 639 3505 Τὰ
648 3458 673 3505 δὲ
682 3458 722 3505 ἀπ’
734 3458 805 3520 ἀρχῆς
821 3458 875 3520 ἀχρι
886 3460 964 3513 τέλους
975 3460 1050 3507 κοινά.

293 3605 319 3642 οε,
375 3577 541 3653 Ἐὅουλόμην
558 3577 621 3653 μέν,
635 3568 657 3636 εἰ)
670 3577 775 3657 ἀνδρες,
790 3577 837 3649 τλν
853 3578 961 3655 δύναμιν
971 3586 1016 3638 τοῦ
1028 3580 1112 3659 λέγειν

335 3666 380 3724 καί
391 3664 438 3735 τὴν
454 3664 590 3744 ἐμπειρίαν
607 3668 658 3723 τῶν
673 3666 836 3744 πραγμάτων
860 3664 886 3731 ἐξ
901 3665 957 3724 ίσου
972 3690 1016 3743 μοι
1032 3674 1112 3726 καθε-

335 3752 428 3811 στάναι
442 3756 474 3830 τῇ
489 3775 517 3810 τε
534 3761 655 3832 συμρορᾷ
668 3752 713 3810 καί
728 3760 780 3819 τοῖς
805 3755 895 3819 κακοῖς
908 3753 960 3817 τοῖς
971 3752 1111 3831 γεγενημέ-

334 3860 399 3907 νοις·
416 3846 458 3897 νῦν
467 3839 493 3897 δὲ
501 3845 544 3898 τοῦ
556 3838 602 3917 μὲν
616 3840 777 3920 πεπείραμαι
786 3839 854 3920 πέρα
866 3847 911 3899 τοῦ
925 3842 1111 3920 προσήκοντος,

295 3961 322 3997 34,
335 3931 378 3983 τοῦ
393 3925 420 3983 δέ
435 3925 520 4005 ἐνδεής
534 3929 587 4001 εἰμι
601 3930 699 4003 μᾶλλον
716 3927 952 4007 τοῦσυμρέροντος.
967 3930 997 4004 (a)
1009 3920 1050 3988 Ού
1062 3928 1110 4004 μέν

334 4012 385 4092 γάρ
399 4035 432 4087 με
442 4012 492 4068 ἔδει
502 4019 659 4070 κακοπαθεῖν
670 4017 709 4092 τῷ
719 4014 822 4088 σώματι
835 4015 901 4089 μετά
913 4020 959 4085 τῆς
971 4015 1054 4080 αἰτίας
1065 4019 1110 4086 τῆς

334 4102 364 4160 ού
376 4098 570 4178 προσηκούσης,
582 4100 699 4157 ἐνταυθοῖ
711 4099 783 4158 οὐδέν
796 4124 829 4176 με
842 4100 1000 4178 ὠρέλησενή
1015 4103 1109 4176 ἐμπει-

336 4185 393 4266 ρία·
434 4176 464 4242 ού
478 4183 506 4242 δέ
518 4208 550 4261 με
563 4185 600 4242 δεῖ
612 4190 726 4255 σωθῆναι
739 4185 804 4261 μετά
816 4191 863 4255 τῆς
873 4184 994 4255 ἀληθείας
1006 4186 1111 4246 εἰπόντα

334 4272 520 4349 τάγενόμενα,
536 4271 657 4351 ἐντούτῳ
678 4295 711 4349 με
728 4271 838 4349 βλάπτει
853 4277 870 4342 ἡ
891 4277 935 4330 τοῦ
950 4272 1033 4347 λέγειν
1049 4276 1111 4331 ἀδυ-

335 4361 426 4437 ναμία.
469 4360 500 4436 (a)
515 4358 612 4417 Πολλοὶ
625 4359 675 4439 γάρ
696 4360 746 4429 ἤδη
760 4363 811 4418 τῶν
823 4364 852 4419 ού
867 4358 1015 4435 δυναμένων
1027 4361 1111 4437 λέγειν

337 4450 440 4507 ἄπιστοι
454 4446 587 4524 γενόμενοι
602 4454 654 4512 τοῖς
668 4446 808 4518 ἀληθέσιν,
824 4450 910 4513 αὐτοῖς
924 4446 1021 4513 τούτοις
1036 4449 1110 4506 ἀπώ-

335 4541 423 4606 λοντο,
438 4536 467 4593 οὐ
487 4534 623 4609 δυνάμενοι
647 4534 764 4603 δηλῶσαι
785 4535 866 4593 αὐτά·
908 4536 999 4594 πολλοὶ
1014 4535 1040 4593 δὲ
1059 4541 1109 4594 τῶν

296 4648 320 4683 aa
335 4622 418 4700 λέγειν
428 4621 576 4698 δυναμένων
585 4619 672 4678 πιστοί
681 4619 812 4698 γενόμενοι
823 4626 860 4702 τῷ
869 4621 1016 4702 Ιρεύδεσθαι,
1025 4624 1109 4705 τούτῳ

335 4707 568 4786 έσάιθησαν,διότι
589 4706 739 4787 ἐψεύσαντο.
780 4708 892 4787 ’ἀνάγκη
916 4704 973 4781 οὖν,
995 4711 1057 4769 ὅταν
1073 4735 1110 4780 τις

335 4797 439 4875 ἀπιιρος
452 4787 469 4874 ἀ
481 4799 526 4852 τοῦ
537 4795 719 4872 ἀγωνίζεσθαι,
729 4793 772 4851 ε’πί
781 4800 833 4860 τοῖς
845 4800 897 4854 τῶν
911 4797 1061 4875 κατηγόρων
1070 4799 1111 4856 λό·

334 4907 388 4961 γοις
402 4874 467 4941 εἶναι
482 4881 609 4958 μᾶλλονῆ
624 4884 665 4941 ἐπ’
679 4883 765 4948 αὐτοῖς
777 4890 828 4947 τοῖς
840 4882 922 4989 ἔργοις
934 4882 979 4940 καί
994 4888 1026 4962 τῇ
1042 4884 1109 4952 άλη-

335 4971 391 5050 θεία
404 4974 455 5028 τῶν
467 4969 638 5049 πραγμάτοιν.
655 4971 687 5049 (a)
702 4970 774 5047 Ἐγὼ
785 4961 838 5041 σύν,
850 4995 873 5027 ω
887 4970 987 5050 ἀνδρες,
1004 4971 1109 5042 αἰτήσο·

336 5082 384 5137 μαι
394 5059 531 5135 ύμᾶς,οὗχ
539 5057 604 5136 άπερ
616 5061 640 5116 οί
651 5058 742 5117 πολλοὶ
753 5061 802 5116 τῶν
814 5055 1007 5136 ἀγωνιζομένων
1013 5064 1109 5137 ἀκροά·

336 5151 395 5204 σθαι
407 5146 478 5222 σρῶν
488 5145 571 5201 αὐτῶν
578 5148 721 5222 αἰτοῦνται,
732 5144 804 5226 σρίσι
817 5145 864 5221 μὲν
874 5147 960 5210 αὐτοῖς
969 5148 1108 5203 ἀπιστοῦν·

297 5263 324 5301 lo
335 5256 394 5308 τες,
409 5234 479 5306 ὑμῶν
490 5229 517 5287 δὲ
531 5232 772 5309 προκατεγνωκότες
786 5232 873 5290 ἄδικόν
887 5256 912 5290 τι
925 5232 932 5312 (
940 5232 1007 5299 εἰκὸς
1019 5232 1069 5311 γάρ
1081 5234 1108 5290 έν

336 5316 444 5396 ἀνδράσι
456 5340 484 5393 γε
498 5320 602 5395 ἀγαθοῖς
610 5319 654 5375 καί
664 5319 724 5377 ἀνευ
735 5324 780 5389 τῆς
787 5319 913 5391 αἰτήσεως
925 5319 972 5391 τὴν
985 5320 1109 5401 ἀκρόασιν

336 5404 462 5485 θπάρχειν
474 5413 526 5473 τοῖς
540 5404 692 5486 φεύγουσιν,
704 5398 784 5486 οἷπερ
801 5406 847 5466 καί
860 5411 883 5466 οἰ
899 5407 1034 5474 διώκοντες
1052 5407 1110 5466 έτυ·

1792 678 1934 757 ιιι-ω

1160 804 1194 852 ita
1209 802 1311 864 impium
1327 802 1399 851 luerit
1417 816 1484 852 reum
1505 804 1681 867 conrii-muare,
1702 807 1743 869 qui
1759 821 1808 856 noa
1818 812 1943 874 perspicua

1162 889 1233 940 tuerit
1253 891 1416 939 incusatorum
1436 893 1571 952 coargutus.
1603 893 1652 954 (ιο)
1667 893 1743 943 illudis
1761 896 1843 957 itaque
1863 899 1942 947 omni·

1160 979 1206 1029 bars
1229 980 1294 1027 hunc
1318 978 1398 1027 sirum
1424 979 1455 1027 ab
1474 979 1520 1027 lroc
1546 980 1645 1029 crimine
1673 982 1869 1046 absolventibus,
1898 999 1943 1036 nos

1161 1081 1204 1129 pro
1217 1080 1246 1116 eo
1258 1067 1390 1129 religiosius
1399 1067 1466 1115 rolris
1479 1067 1638 1129 injungimus,
1648 1070 1690 1130 ut,
1702 1070 1826 1121 studentes
1842 1073 1940 1122 hunnici·

1160 1154 1215 1203 dam
1229 1154 1328 1218 punire,
1341 1154 1458 1202 insontem
1470 1155 1553 1204 tollere
1567 1169 1597 1203 ne
1608 1157 1745 1218 properetis
1778 1161 1839 1207 liam
1854 1173 1941 1210 manes

1160 1242 1277 1306 perempti
1288 1242 1332 1304 (i),
1346 1242 1392 1289 hoe
1409 1245 1519 1302 mortuo,
1536 1242 1610 1291 nitrito
1622 1243 1704 1293 minus
1714 1246 1855 1296 stratoribus
1870 1247 1941 1298 caus

1160 1330 1247 1378 intensi
1256 1332 1329 1378 erunt
1340 1365 1348 1391 ,
1358 1329 1399 1377 liic
1407 1342 1464 1378 sero
1473 1343 1515 1392 per
1523 1330 1589 1379 netas
1599 1330 1717 1393 supplicio
1726 1333 1829 1382 allectam
1837 1334 1938 1384 alterum

1159 1417 1276 1466 excitabit
1288 1417 1410 1479 piaculum
1421 1417 1566 1466 ocemonbus
1584 1419 1642 1468 suis.
1676 1420 1725 1480 (tt)
1744 1423 1801 1469 llec
1810 1434 1854 1472 vos
1867 1424 1937 1476 relor·

1160 1505 1292 1565 mimatae,
1311 1506 1446 1554 existimate
1459 1508 1567 1555 vestrum
1583 1519 1650 1568 esse,
1661 1510 1688 1555 ut
1704 1509 1824 1560 insontem
1840 1510 1939 1560 cumina

1159 1592 1303 1652 absolvatis3
1313 1594 1434 1655 impurum
1447 1605 1504 1641 vcro
1516 1593 1618 1653 tempori
1633 1595 1798 1655 permittentes
1812 1596 1940 1659 aliquando

1159 1678 1364 1741 patefaciendum,
1374 1679 1502 1741 relinquite
1511 1680 1626 1741 proximis
1635 1682 1751 1743 perempti
1760 1684 1901 1732 necessariis
1910 1684 1939 1732 ad

1159 1767 1277 1815 ultionem
1288 1786 1294 1816 ε
1307 1766 1341 1816 sic
1354 1766 1428 1828 agatis
1438 1765 1487 1827 juri
1502 1768 1527 1815 et
1539 1767 1646 1817 humano
1660 1771 1684 1818 et
1695 1768 1780 1819 divino
1794 1772 1938 1821 conveniam

1158 1853 1256 1903 tissime.

1456 2028 1641 2049 -οοοι--ι

1537 2151 1563 2199 5.

1278 2298 1328 2355 DE
1351 2297 1448 2357 NECE
1469 2297 1639 2357 flauoms
1661 2298 1816 2360 OlthlO.

1442 2478 1656 2523 andnumanai.

1186 2636 1254 2679 lletus
1276 2635 1371 2689 quidam
1397 2636 1539 2689 llytilemcus
1554 2635 1649 2679 Athenis
1660 2634 1740 2679 eadem
1751 2640 1805 2678 navi
1824 2646 1878 2680 cum
1896 2638 1935 2682 lle

1186 2714 1240 2758 rode
1254 2717 1334 2758 AEuum
1343 2714 1412 2758 solvit
1424 2730 1430 2755 ε
1440 2725 1494 2757 cum
1505 2713 1635 2768 navigando
1645 2713 1804 2768 Methymnam
1816 2715 1880 2759 Lesbi
1890 2727 1936 2770 per·

1187 2792 1314 2844 venissent,
1329 2793 1438 2847 quoniam
1459 2792 1524 2836 navis
1539 2794 1597 2836 tecta
1611 2803 1657 2836 non
1676 2794 1737 2843 erat,
1747 2793 1815 2837 aliam
1834 2795 1935 2849 opertam

1186 2873 1325 2915 invenientes
1337 2873 1530 2917 conscenderunt·
1559 2875 1634 2928 Quam
1648 2874 1758 2928 ingressi,
1775 2875 1836 2917 circa
1848 2876 1935 2920 noctem

1186 2950 1276 2994 llerode
1290 2962 1381 3005 egresso
1401 2963 1475 3006 neque
1493 2952 1592 3006 amplius
1606 2952 1761 3005 ingrediente,
1772 2953 1876 3008 lleloqua
1888 2954 1936 3004 ipso

1184 3029 1234 3072 solo
1245 3029 1368 3081 redeunte,
1384 3029 1465 3073 altinas
1476 3030 1562 3074 mortui
1571 3030 1654 3074 llelum
1662 3033 1688 3074 ut
1697 3029 1864 3075 maleluctorem
1873 3042 1935 3076 secu·

1186 3109 1296 3151 severunt
1308 3120 1314 3149 ε
1325 3108 1347 3151 et
1361 3108 1384 3150 ln
1394 3107 1482 3161 judicio
1490 3110 1602 3152 certantes
1611 3106 1734 3159 dixerunt,
1753 3119 1806 3152 eum
1824 3109 1936 3154 Herodem

1185 3184 1332 3229 interlectsse.
1361 3187 1404 3230 llic
1424 3195 1481 3230 vero
1494 3186 1628 3231 translative
1647 3186 1735 3229 crimen
1753 3186 1934 3241 diluit,dioeus,

1185 3264 1344 3308 malelactores
1362 3264 1408 3308 dict
1423 3264 1486 3308 tures
1504 3266 1528 3310 et
1543 3266 1698 3320 grassatores,
1718 3276 1821 3320 quorum
1840 3277 1935 3321 operum

1185 3353 1221 3387 me
1231 3342 1288 3386 nihil
1304 3341 1383 3386 iecisse
1398 3343 1557 3387 ostenderunt.
1575 3343 1668 3387 Transit
1677 3343 1760 3387 deinde
1772 3343 1802 3387 ad
1815 3344 1931 3389 homicidit

1184 3421 1384 3471 detensionem‚et
1394 3421 1497 3465 sollerter
1513 3423 1591 3466 certat.
1619 3422 1676 3476 Quia
1691 3422 1769 3466 omnia
1790 3432 1805 3466 a
1821 3422 1933 3479 principie

1185 3500 1297 3555 usquead
1312 3500 1382 3543 sanem
1393 3501 1447 3544 suut
1466 3500 1607 3544 communia.

1188 3580 1295 3639 i'ellcm,
1311 3579 1369 3641 viri,
1382 3579 1566 3642 facundiamque
1578 3592 1708 3641 rerumque
1717 3592 1788 3628 usum
1808 3579 1867 3636 milri
1876 3592 1934 3639 esse,

1158 3670 1313 3732 magnitudini
1332 3670 1451 3719 malorum
1472 3684 1581 3720 meorum
1603 3682 1685 3734 parem
1710 3689 1715 3718 :
1737 3670 1788 3730 Jam
1808 3684 1866 3720 vero
1883 3671 1936 3732 plus

1157 3763 1276 3811 malorum
1294 3764 1407 3825 expertus
1424 3776 1478 3811 sum
1495 3775 1567 3823 quam
1582 3762 1722 3823 oportebat,
1738 3761 1850 3810 facundia
1868 3774 1936 3811 ικιτεο

1157 3856 1211 3915 pilus
1221 3867 1293 3917 quam
1310 3868 1376 3903 nunc
1389 3854 1539 3917 expediebat.
1573 3854 1608 3916 (κ)
1622 3856 1682 3903 liam
1692 3854 1717 3901 in
1726 3865 1821 3903 carcerc
1830 3867 1888 3903 usus
1897 3868 1934 3902 re·

1157 3962 1210 3996 rum
1219 3948 1252 3996 nil
1262 3948 1320 3995 milri
1333 3947 1438 4009 proluit,
1450 3946 1490 3996 ubi
1499 3960 1599 4009 corpore
1607 3960 1662 3995 meo
1672 3946 1803 3997 tolerandae
1812 3947 1871 3997 mitri
1879 3949 1930 3996 tue·

1156 4042 1212 4087 runt
1228 4038 1650 4102 molestiae,obcrimencu1usuilail
1666 4037 1696 4087 ad
1707 4051 1747 4087 mo
1760 4040 1879 4100 pertinet:
1893 4040 1933 4090 ulii

1156 4131 1237 4178 autem
1247 4129 1312 4177 salus
1323 4141 1377 4177 mea
1388 4133 1495 4178 versatur
1504 4130 1529 4177 ia
1538 4129 1688 4179 enarratione
1698 4130 1733 4179 rei
1747 4134 1819 4191 gestae
1829 4146 1884 4181 eum
1893 4146 1934 4179 re·

1156 4220 1227 4268 ritate
1241 4221 1412 4279 censentanea,
1425 4220 1459 4269 ibi
1479 4218 1595 4269 meludit
1617 4220 1763 4269 infacundis.
1798 4222 1869 4278 Quod
1887 4224 1935 4270 lieri

1156 4311 1223 4359 solet.
1257 4311 1290 4372 (a)
1307 4311 1376 4360 llrrlti
1389 4311 1441 4371 jam
1456 4325 1485 4361 ao
1498 4311 1564 4373 quod
1575 4324 1647 4372 vera,
1667 4324 1722 4373 quaa
1733 4311 1833 4361 dicenda
1851 4326 1894 4375 pro
1911 4328 1936 4361 ee.

1156 4404 1284 4466 haberent,
1301 4418 1349 4453 non
1363 4408 1459 4465 possent
1473 4404 1560 4452 diserte
1579 4404 1706 4466 proloqui,
1720 4403 1792 4453 sidem
1805 4417 1854 4453 non
1867 4406 1935 4453 inre·

1155 4496 1261 4557 aientes,
1272 4496 1394 4558 periemnt
1405 4513 1410 4544 :
1422 4495 1493 4543 multi
1504 4497 1588 4543 eontra
1604 4507 1688 4544 eorum
1700 4495 1742 4556 qui
1760 4494 1870 4544 facundia
1883 4496 1934 4557 pol·

1156 4589 1205 4637 tent
1215 4588 1343 4637 mendaciis
1356 4586 1405 4636 suis
1418 4586 1490 4636 isdem
1500 4585 1666 4647 conciliantes,
1680 4599 1709 4635 eo
1718 4587 1783 4649 ipso,
1793 4585 1857 4649 quod
1868 4601 1935 4635 men·

1154 4681 1265 4739 tireutur,
1283 4680 1342 4729 salvi
1357 4678 1524 4728 discesserunt.
1552 4679 1651 4728 Necesse
1664 4678 1785 4741 igiturest
1798 4678 1887 4731 homim
1905 4679 1935 4726 alr

1155 4786 1201 4819 usu
1219 4772 1361 4834 eloquentiae
1381 4769 1621 4833 lorensisdestituto,
1637 4772 1664 4819 ut
1681 4771 1776 4819 tudima
1795 4770 1847 4831 eiras
1863 4771 1935 4832 magis

1155 4879 1227 4927 penes
1238 4866 1390 4912 accusatores
1403 4875 1476 4924 quam
1491 4863 1562 4923 penes
1575 4875 1656 4911 rerum
1674 4864 1795 4923 gestarum
1809 4862 1933 4911 veritatem

1154 4958 1193 5007 sit.
1210 4958 1242 5017 (l)
1255 4960 1335 5013 Quare
1344 4968 1387 5002 sos
1396 4968 1462 5017 rogo,
1470 4953 1571 5015 judices,
1581 4967 1628 5002 non
1641 4954 1706 5014 quod
1717 4954 1824 5016 plerique
1840 4963 1935 5000 reorum

1155 5062 1237 5109 rogare
1252 5061 1296 5097 sos
1312 5047 1404 5106 solent,
1415 5049 1444 5094 ut
1457 5045 1540 5094 audire
1557 5059 1582 5095 se
1593 5045 1683 5107 velitis,
1700 5046 1766 5107 qnasi
1785 5058 1864 5093 rarrsae
1884 5055 1934 5092 saraa

1155 5140 1290 5189 dillidentes
1310 5139 1464 5200 cistransque
1481 5135 1650 5185 acldulrilanles
1669 5136 1809 5198 aquinum
1829 5136 1930 5197 (quum

1154 5233 1234 5280 tamen
1243 5231 1429 5280 consentaneum
1444 5229 1475 5277 sit
1488 5243 1540 5278 reos
1548 5266 1555 5290 ‚
1564 5242 1646 5277 coram
1656 5228 1713 5276 viris
1729 5228 1835 5278 honestis
1847 5227 1928 5275 ‹lieen-

1157 5328 1207 5384 tes,
1226 5325 1297 5372 etiam
1309 5324 1359 5370 sine
1373 5322 1501 5371 irretientur
1513 5321 1679 5383 deprecatione
1692 5320 1714 5368 id
1728 5319 1790 5369 idem
1807 5318 1933 5380 consequi,

1154 5414 1220 5479 (quod
1228 5420 1380 5464 accusatores
1386 5416 1475 5477 absque
1488 5415 1598 5476 precibus
1606 5412 1783 5475 aetipiseuutur)
1792 5438 1818 5446 —
1830 5431 1834 5457 :
1848 5409 1882 5471 (a)
1893 5407 1935 5458 sed
