4467 6542
744 681 869 740 ΙΣΑΙΟΥ
890 683 914 738 0
937 678 1027 737 ΠΕΡΙ
1047 678 1122 735 ΤΟΥ
1144 677 1404 741 usbeisnein
1426 682 1590 742 ΚΛΗΡΟΥ.

682 816 847 861 ΜᾸΡΠΡΙΑ.

418 1010 438 1046 ο.
462 985 596 1048 Ἐκδόντες
605 983 687 1041 τοίνυν
697 980 741 1045 τὰς
752 978 871 1057 ἀδελροίς,
881 968 903 1035 ὦ
913 977 1014 1054 ἄνδρες,
1026 977 1071 1033 καί
1081 976 1148 1043 ὄντες

379 1072 450 1131 αὐτοί
463 1074 488 1128 έν
505 1068 593 1148 ἡλικία
613 1069 654 1124 ἐπὶ
665 1067 693 1123 τὸ
708 1064 891 1143 στρατεύεσθαι
905 1062 1086 1139 ἐτραπόμεθα,
1104 1064 1149 1121 καί

377 1157 581 1231 ἀπεδημήσαμεν
599 1151 663 1227 μετὰ
681 1152 841 1230 Ἰφικράτους
861 1153 895 1214 είς
913 1149 1031 1226 Θρηίκην·
1049 1151 1104 1206 ἐκεῖ
1123 1148 1149 1205 δέ

378 1243 493 1310 δόξαντές
505 1264 549 1298 του
562 1232 625 1296 εἶναι
644 1239 708 1304 ἄξιοι
720 1234 951 1314 περιποιησάμενοί
964 1258 989 1291 τι
1005 1234 1148 1292 κατεπλεύ-

351 1352 461 1404 εσαμεν
487 1329 574 1406 δεῦρο,
597 1325 640 1383 καί
665 1322 904 1397 καταλαμόάνομεν
928 1326 960 1398 τῇ
987 1321 1150 1412 πρερόυτέρογ

377 1417 474 1493 οίδελρῇ
489 1414 550 1471 ὄντα
563 1411 607 1469 δύο
619 1412 727 1480 παιδία,
739 1408 785 1479 τὴν
799 1407 825 1466 δέ
839 1406 976 1487 νεωτέραν,
986 1407 1018 1477 ἢν
1028 1412 1082 1485 είχε
1095 1411 1148 1466 Με-

376 1503 482 1570 νεκλῆς,
493 1500 602 1556 ἄπαιδα.
630 1499 660 1571 (7)
671 1497 724 1555 Καὶ
733 1498 826 1561 ἐκεῖνος
835 1494 944 1572 δευτέρῳ
957 1492 1047 1566 μηνίῆ
1062 1492 1149 1572 τρίτῳ,

376 1587 460 1645 πολλὰ
481 1585 616 1648 ἐπαινέσας
637 1582 683 1653 τήν
703 1581 825 1660 ἆδελρήν,
849 1579 938 1655 λόγους
958 1581 1068 1636 ἐποιεῖτο
1087 1579 1150 1657 πρὸς

378 1684 460 1753 ἡμᾶς,
473 1675 518 1732 καὶ
527 1674 576 1754 ἔφη
586 1672 633 1743 τήν
641 1696 669 1729 τε
680 1671 783 1742 ἡλικίαν
794 1675 936 1750 imparia:
946 1666 992 1737 τὴν
1003 1671 1093 1725 ἑαυτοῦ
1105 1668 1150 1725 καί

340 1785 364 1820 ιο
378 1762 423 1833 τήν
438 1761 569 1819 ἀπαιδίαν
583 1758 674 1818 οὔκουν
687 1758 734 1837 έρη
744 1761 795 1815 δεῖν
808 1756 906 1826 ἐκείνην
918 1760 964 1825 τῆς
975 1753 1150 1833 χρηστότητος

376 1854 422 1919 τῆς
434 1852 526 1918 ἑαυτῆς
540 1852 616 1904 τοῦτο
629 1846 791 1914 ἀπολαῦσαι,
806 1844 905 1901 ἄπαιδα
917 1844 1078 1909 καταστῆναι
1092 1863 1151 1915 ονγ-

376 1935 596 2013 καταγηράσασαν
617 1934 695 2010 αὑτῷ·
713 1931 800 1996 ἱκανὸς
818 1929 868 2007 γδιρ
882 1928 930 2007 ἔρη
948 1927 1024 1991 αὐτὸς
1046 1929 1150 2003 ἀτυχῶν

376 2015 450 2080 εἶναι.
471 2022 503 2099 (a)
521 2019 573 2078 Καὶ
593 2022 623 2075 ἐκ
642 2018 737 2087 ταύτης
757 2022 802 2086 τῆς
819 2016 910 2082 λέξεως
925 2017 1001 2083 δῆλον
1017 2012 1056 2070 ότι
1070 2015 1149 2091 φιλῶν

375 2106 533 2165 irreitera-
562 2104 642 2168 οὐδεὶς
669 2102 719 2182 γδρ
749 2106 831 2179 μισῶν
849 2125 906 2158 τινα
934 2099 1041 2157 ἱκετεύει
1067 2102 1148 2177 αὐτῷ.

339 2214 362 2250 ta
376 2193 478 2253 Ἐδεῖτο
489 2183 531 2249 οθν
546 2193 619 2266 ήμῶν
635 2191 721 2246 δοῦναι
733 2189 809 2266 χάριν
822 2189 919 2257 ταύτην
933 2190 1018 2263 αύτῷ,
1031 2187 1149 2242 ἐκδοῦναι

376 2281 447 2357 ἄλλῳ
462 2278 542 2347 αὐτήν
562 2275 629 2353 μετὰ
643 2279 688 2344 τῆς
703 2276 807 2352 γνώμης
821 2280 866 2343 τῆς
883 2278 985 2332 ἑαυτοῦ.
1008 2273 1061 2330 Καὶ
1076 2274 1150 2346 ἡμεῖς

376 2364 525 2439 ἐκελεύομεν
543 2364 618 2419 αὐτόν
632 2362 727 2417 πείθειν
746 2360 826 2429 αὐτὴν
841 2360 900 2437 περὶ
915 2357 1019 2415 τούτων·
1034 2357 1049 2414 δ
1063 2382 1088 2415 τι
1100 2357 1150 2437 γδιρ

379 2454 411 2510 ἂν
424 2451 507 2521 ε’κείνη
519 2453 610 2525 πεισθῇ
621 2496 627 2519 ,
639 2448 706 2505 τοῦτ’
714 2449 811 2526 έραμεν
819 2446 945 2516 ποιήσειν.
987 2448 1017 2522 (a)
1035 2445 1150 2515 Κάκείνη

379 2538 407 2593 τὸ
420 2538 467 2611 μὲν
480 2539 582 2615 πρῶτον
596 2535 648 2591 οὐδ’
662 2532 780 2611 ἠνέσχετ’
792 2534 870 2589 αὐτοῦ
880 2532 1011 2608 λέγοντος,
1020 2531 1151 2609 προϊόντος

336 2647 362 2682 ao
378 2623 405 2680 δέ
420 2627 465 2680 τοῦ
477 2622 570 2701 χρόνου
585 2620 658 2697 μόλις
672 2619 793 2690 ἐπείσθη·
809 2619 854 2677 καί
869 2618 948 2683 οθτως
961 2618 1091 2693 ἔκδίδομεν
1104 2619 1150 2674 αὖ·

376 2709 424 2778 τήν
437 2709 534 2788 Ἰίλείῳ
551 2708 692 2786 Σφηττίῳ,
709 2707 779 2763 καὶὸ
795 2707 928 2774 Μενεκλῆς
947 2704 994 2774 τήν
1011 2727 1039 2761 τε
1052 2712 1149 2782 προῖκα

376 2795 523 2854 ίπιδίδωσιν
541 2796 622 2869 αὐτῇ,
638 2790 777 2870 μετασχὼν
791 2797 835 2849 τοῦ
849 2790 919 2849 οἴκου
938 2796 983 2860 τῆς
1002 2789 1150 2864 μισθώσεως

377 2886 428 2939 τῶν
441 2882 540 2939 παίδων
551 2886 594 2939 τοῦ
606 2881 713 2951 Νικίου,
723 2878 768 2936 καί
780 2877 812 2935 τδι
821 2878 930 2954 ἱμάτια,
941 2877 957 2934 ἃ
969 2870 1044 2946 ήλθεν
1054 2877 1150 2955 ἔχουσα

375 2972 438 3048 παρ’
460 2969 565 3038 ἐκεῖνον,
584 2968 629 3024 καί
647 2966 681 3024 τὰ
697 2966 833 3045 χρυσίδια,
856 2957 930 3034 δήν,
946 2964 1047 3021 δίδωσιν
1069 2966 1146 3042 αὐτῇ.

336 3079 362 3113 ‘ru
375 3057 421 3131 (lo)
436 3053 512 3113 Μετὰ
526 3055 553 3112 δέ
565 3058 647 3110 ταῦτα
659 3052 753 3131 χρόνου
765 3049 945 3126 διαγενομένου
955 3049 1059 3107 ἐσκόπει
1071 3054 1084 3106 6
1096 3054 1149 3108 Με·

376 3144 465 3211 νεκλῆς
479 3140 549 3207 ὅπως
563 3139 600 3215 μὴ
616 3140 699 3197 έοοιτο
718 3137 811 3207 οίπαις,
827 3136 884 3194 ill'
896 3136 978 3194 ἔσοιτο
995 3138 1065 3215 αὐτῷ
1079 3135 1150 3203 ὅστις

376 3228 458 3296 ζῶντά
470 3251 498 3285 τε
512 3225 700 3306 γηροτρορήσοι
713 3224 757 3282 καί
771 3222 960 3292 τελευτήσαντα
978 3223 1055 3302 θάψοι
1070 3223 1147 3281 αὐτὸν

376 3314 422 3372 καὶ
434 3317 468 3379 είς
479 3315 522 3372 τὸν
535 3313 623 3371 ἔπειτα
635 3312 727 3391 χρόνον
738 3311 771 3368 τὰ
782 3311 936 3387 νομιζόμενα
949 3312 1018 3386 αὐτῷ
1032 3308 1147 3377 ποιήσοι.

375 3401 469 3478 Τούτῳ
482 3400 527 3475 μέν
542 3392 585 3457 οὖν
598 3398 665 3477 ἑώρα
678 3399 721 3455 ἕνα
737 3396 813 3473 μόνον
825 3396 878 3454 υίδν
892 3396 970 3470 ὄντα,
986 3396 1053 3453 ὥστε
1066 3396 1149 3454 ἐδόκει

337 3511 363 3546 :tu
375 3489 446 3565 αὐτῷ
462 3489 524 3564 αἰσχ
527 3486 569 3564 ρδν
581 3477 645 3543 εἶναι
657 3485 757 3541 ἄπαιδα
768 3489 856 3541 τοῦτον
868 3481 1024 3540 καθιστάντα
1037 3482 1149 3560 ἀρρένων

376 3574 477 3630 παίδων
496 3575 567 3649 αὑτῷ
589 3570 700 3629 κελεύειν
724 3572 811 3628 δοῦναι
831 3574 920 3627 τοῦτον
939 3568 1147 3637 εἷσποιήσαοθαι.

376 3663 419 3736 (lt)
436 3659 560 3739 Εύρισκεν
577 3650 620 3717 οθν
640 3657 730 3716 οὐδένα
746 3657 824 3714 ἄλλον
843 3656 993 3733 οἰκειότερον
1007 3655 1059 3713 ὄνθ’
1073 3658 1148 3729 ἡμᾶν

376 3751 469 3826 ἐαυτῷ.
514 3746 612 3823 Λόγους
619 3736 662 3804 οδν
672 3744 735 3823 πρὸς
743 3748 812 3820 ἡμᾶς
821 3744 941 3812 ἐποιεῖτο,
952 3741 996 3799 καί
1009 3741 1056 3820 έρη
1067 3742 1149 3799 δοκεῖν

376 3838 445 3912 αὑτῷ
458 3837 543 3899 καλῶς
555 3834 634 3910 ἔχειν,
649 3832 737 3901 ἐπειδὴ
751 3830 830 3894 οθτως
845 3832 915 3907 αὐτῷ
932 3834 949 3899 ἡ
963 3828 1030 3906 τύχη
1053 3828 1148 3900 σννέὸη

336 3937 362 3975 as
375 3918 441 3977 ὥστε
454 3923 482 3977 ἐκ
491 3924 536 3989 τῆς
548 3920 658 3998 ἀδελρῆς
669 3921 713 3986 τῆς
727 3914 854 3994 ἡμετέρας
868 3916 963 3978 παῖδας
974 3917 1043 3991 αὐτῷ
1054 3913 1090 3988 μὴ
1102 3936 1149 3989 γε·

375 4005 476 4076 νίσθαι,
497 4008 525 4062 ἐκ
540 4005 636 4073 ταύτης
654 4008 699 4073 τῆς
718 4002 799 4067 οἰκίας
816 4002 869 4059 υἱὸν
889 4003 958 4077 αὑτῷ
977 3999 1148 4073 ποιήσασθαι,

375 4092 430 4150 δθεν
451 4092 496 4149 καί
537 4092 592 4148 ύσει
615 4092 711 4155 παῖδας
732 4089 857 4158 έόουλήθη
880 4088 911 4144 διν
932 4090 1002 4165 αὑτῷ
1021 4086 1148 4164 γενέσθαι·

379 4206 392 4228 ι
407 4177 496 4251 Ὑμῶν
508 4200 570 4247 ουν,
586 4176 652 4255 έρη,
675 4175 799 4252 βούλομαι
814 4175 856 4232 τὸν
872 4172 957 4251 ἕτερον
975 4173 1149 4247 ποιήσασθαι,

376 4263 490 4343 ὁποτέρῳ
502 4267 573 4337 ὑμῶν
586 4265 671 4326 καλῶς
681 4261 743 4338 ἔχει.
755 4287 767 4313 ν
799 4262 844 4335 (aa)
859 4260 937 4317 tiata
950 4260 1056 4339 ἀδελρδς
1066 4264 1079 4317 6
1089 4260 1149 4336 ἐμὸς

336 4368 362 4402 lv
377 4350 489 4414 ἀκούσας
510 4354 611 4421 ταῦτα,
634 4347 722 4416 ἐπειδὴ
744 4345 916 4423 προετίμησεν
937 4346 1012 4402 αὐτὸν
1034 4345 1148 4418 πάντων,

376 4434 485 4513 ίπήνεσέ
503 4458 531 4492 τε
542 4432 600 4499 τοὺς
613 4430 702 4509 λόγους
719 4433 809 4500 αὐτοῦ,
828 4430 871 4487 καί
893 4422 963 4488 εἶπεν
978 4430 1016 4488 ότι
1035 4430 1116 4490 δέοιτο
1131 4433 1148 4503 ἥ

376 4546 403 4580 τε
417 4523 505 4593 ἡλικία
519 4520 563 4579 καί
578 4525 594 4590 ἡ
607 4524 725 4598 παροῦσα
741 4520 836 4597 ἐρημία
851 4516 947 4575 ἐκείνου
960 4523 1004 4574 τοῦ
1024 4519 1147 4596 θεραπεύ-

375 4633 462 4676 σοντος
477 4607 553 4666 αὐτόν
565 4605 609 4664 καί
620 4604 833 4679 ἐπιδημήοοντος·
849 4632 860 4654 a
871 4602 947 4679 Ἐμοί
960 4605 1006 4679 μὲν
1017 4595 1069 4676 οὖν,
1084 4605 1148 4685 ἔρη,

376 4695 512 4772 συμόαίνει
527 4691 675 4768 ἀποδημία,
695 4695 729 4757 ὡς
746 4690 777 4748 σθ
797 4682 886 4749 οίοθα·
906 4694 919 4747 6
939 4690 965 4748 δέ
983 4692 1088 4768 ιἰδελρδς
1103 4696 1148 4749 06-

335 4798 362 4836 lt
375 4780 431 4839 τοοί
444 4808 457 4831 ν
471 4779 517 4855 ἐμὲ
529 4779 609 4854 λέγων
625 4805 636 4828 ι
655 4780 706 4835 τῶν
724 4800 751 4834 τε
772 4778 823 4832 σῶν
842 4775 1026 4850 ἐπιμελήσεται
1039 4776 1083 4831 καί
1097 4780 1147 4833 τῶν

375 4870 454 4942 ἐμῶν,
466 4867 510 4923 tls
522 4865 601 4943 βούλῃ
612 4868 700 4920 τοῦτον
708 4862 875 4931 ποιήσασθαι.
891 4888 903 4910 ν
929 4861 981 4919 Καί
992 4864 1005 4916 6
1016 4862 1148 4929 Μενεκλῆς

375 4952 519 5032 καλῶςιέρη
529 4952 602 5009 αὐτὸν
612 4949 704 5027 λέγειν,
714 4950 759 5007 καί
769 4951 798 5006 ἐκ
808 4954 852 5005 τοῦ
863 4947 958 5025 τρόπου
967 4948 1056 5005 τούτου
1068 4955 1147 5004 ποιεῖ-

375 5040 418 5096 ταί
431 5063 473 5112 με.
1082 5092 1093 5115 Ι

418 5144 450 5181 ta.
472 5125 516 5189 Ὡς
541 5116 583 5182 οδν
608 5123 675 5180 aazia
696 5121 754 5188 τοδς
775 5122 866 5199 νόμους
880 5120 980 5198 ἐγένετο
1000 5120 1147 5190 ἡποίηοις,

338 5215 450 5267 mirobeo
475 5214 541 5285 lapi<
559 5209 685 5285 βούλομαι
709 5209 817 5277 διδάξαι.
862 5208 916 5268 Καί
937 5231 981 5282 μοι
1002 5207 1045 5263 τδν
1069 5206 1147 5278 νόμον

378 5295 551 5370 ἀνάγνωθι,δς
567 5295 664 5352 κελεύει
678 5295 709 5351 ri
725 5300 815 5353 ἑαυτοῦ
827 5295 919 5361 ἐξεῖναι
934 5293 1065 5351 διαθέσθαι
1078 5290 1147 5356 ὅπως

376 5384 408 5443 δν
420 5382 507 5460 ίθίλη,
521 5382 564 5439 ita
580 5381 616 5458 μή
631 5384 718 5447 παῖδες
729 5383 830 5461 ἄρρενες
844 5373 892 5441 ὦσι
904 5381 1012 5457 γνήσιοι.
1055 5378 1088 5438 Ὁ
1098 5377 1147 5458 γὰρ

1468 821 1690 870 Testimonium.

1226 991 1248 1033 6.
1267 985 1472 1047 sororibusigitur
1488 985 1522 1034 sic
1536 986 1561 1034 in
1577 984 1758 1035 matrimonium
1772 987 1910 1051 oollooatis,
1927 1002 1968 1039 nos

1195 1073 1266 1119 aetate
1288 1072 1398 1121 liorentea
1416 1073 1527 1121 militiam
1550 1072 1732 1133 capesstrimum
1751 1074 1824 1135 inque
1844 1076 1968 1125 numam

1195 1157 1255 1206 duco
1271 1160 1390 1219 iplricrate
1409 1173 1505 1221 peregre
1520 1160 1620 1221 protecti
1637 1173 1733 1219 sumus3
1752 1162 1827 1223 atque
1849 1175 1924 1224 quum
1937 1163 1968 1212 ibi

1195 1244 1254 1292 bene
1264 1246 1443 1306 meruissemus,
1457 1245 1525 1294 dilati
1539 1247 1643 1296 Athenas
1657 1247 1808 1309 appulimus,
1820 1251 1846 1297 et
1865 1263 1967 1298 sororem

1194 1331 1291 1391 quidem
1313 1335 1372 1381 natu
1395 1333 1516 1395 maiorem,
1530 1333 1599 1382 binos
1619 1333 1707 1383 liberos
1725 1334 1854 1385 habentem
1879 1336 1968 1386 inami-

1195 1430 1261 1475 mus,
1271 1418 1395 1467 mininam
1406 1432 1477 1480 uero,
1490 1432 1563 1481 quam
1575 1420 1676 1468 disserat
1690 1421 1823 1482 Menecles,
1837 1422 1966 1485 improlem.

1196 1504 1229 1566 (7)
1238 1508 1315 1566 Atque
1325 1505 1364 1553 ille
1373 1519 1403 1554 ex
1412 1504 1490 1553 reditu
1500 1518 1581 1554 meuse
1589 1504 1695 1554 mcundo
1704 1506 1742 1555 vel
1753 1509 1835 1570 terlio,
1843 1508 1967 1559 bonisom·

1194 1591 1263 1639 nibus
1277 1591 1306 1639 de
1318 1605 1399 1640 sorore
1411 1591 1560 1653 predicatus,
1575 1591 1699 1640 nobiseum
1722 1593 1797 1641 verba
1818 1596 1967 1656 eonserebat,

1195 1673 1304 1736 dixitque
1319 1678 1414 1724 ertatem
1424 1689 1493 1724 suam
1509 1680 1649 1738 provectam
1660 1681 1684 1727 et
1701 1678 1834 1729 liberorum
1844 1681 1967 1731 orbitatem

1195 1774 1220 1809 se
1231 1761 1353 1823 deplorare
1371 1782 1377 1811 :
1394 1775 1547 1824 nequaquam
1560 1764 1622 1813 dixit
1635 1777 1687 1813 eam
1701 1769 1814 1827 oportere
1828 1768 1902 1817 talem
1919 1782 1966 1818 soar

1195 1848 1290 1897 virtutis
1304 1848 1436 1898 mercedem
1449 1863 1546 1911 capere,
1557 1864 1642 1913 nempe
1649 1853 1677 1900 ut
1687 1853 1760 1901 simul
1772 1866 1830 1902 eum
1846 1855 1897 1915 ipso
1906 1869 1966 1904 sene·

1195 1949 1263 1984 scens
1270 1936 1381 1985 evaderet
1389 1937 1496 1999 improlis
1502 1954 1509 1998 ;
1515 1938 1572 1987 satis
1578 1939 1642 1987 enin
1649 1952 1699 1988 essa
1709 1939 1788 2000 ipsum
1796 1941 1917 1989 ludunum
1924 1955 1967 1990 ma

1195 2023 1243 2071 loru
1253 2026 1377 2084 expertum
1389 2037 1448 2072 esse.
1481 2024 1515 2085 (8)
1526 2026 1577 2073 Tali
1593 2038 1702 2075 sermone
1712 2040 1783 2086 usus,
1797 2029 1868 2089 plane
1883 2028 1966 2077 indicat

1195 2110 1302 2157 amiciter
1317 2110 1392 2158 sorori
1413 2112 1500 2159 nostrae
1518 2111 1631 2159 nuntium
1651 2113 1771 2162 remisisse
1790 2132 1797 2162 ι
1817 2128 1890 2163 nemo
1908 2115 1966 2164 enim

1195 2210 1267 2257 quern
1279 2196 1329 2245 odit
1338 2198 1437 2259 supplex
1447 2200 1509 2246 orat.
1541 2201 1592 2247 iios
1608 2198 1702 2260 igitura
1714 2200 1903 2250 nobiabeneticii
1918 2202 1966 2250 loeo

1195 2283 1303 2344 petebat,
1317 2286 1458 2332 utsororeru
1474 2285 1578 2346 scilieet,
1593 2299 1689 2334 assensu
1706 2286 1783 2349 ipsius
1798 2288 1967 2350 impetmlo,in

1195 2370 1373 2419 matrimonium
1383 2371 1450 2419 alteri
1462 2371 1641 2421 oollooaremua.
1656 2376 1686 2421 Et
1696 2387 1740 2422 noa
1749 2387 1806 2423 eum
1816 2376 1966 2425 hortabamur

1196 2470 1295 2506 uxorem
1307 2458 1371 2507 hisee
1386 2458 1416 2506 de
1431 2458 1503 2507 rebus
1516 2459 1672 2520 persuadere;
1688 2473 1744 2521 qum
1762 2461 1783 2510 si
1798 2464 1966 2525 aasumensi

1195 2543 1308 2593 decisioni
1327 2558 1372 2594 nos
1389 2545 1550 2595 satisfacturos
1565 2547 1728 2608 promisimus.
1762 2549 1797 2610 (9)
1816 2550 1966 2613 deprimam

1195 2631 1292 2693 quidem
1302 2632 1417 2681 sermonis
1426 2634 1477 2693 eius
1486 2633 1584 2682 minime
1594 2634 1699 2696 patiens,
1715 2634 1757 2683 uia
1765 2648 1879 2698 aegreque
1892 2639 1966 2687 lam

1195 2718 1291 2766 nudem
1301 2731 1395 2766 assensa
1408 2720 1452 2766 est.
1484 2720 1562 2779 Atque
1574 2718 1607 2766 ita
1620 2700 1673 2767 earu
1687 2719 1712 2767 in
1724 2721 1905 2773 matrimonium
1914 2724 1965 2773 ntea

1196 2804 1302 2866 Sphettio
1311 2805 1468 2866 collocamus3
1481 2804 1609 2866 dotemque
1620 2806 1642 2854 ei
1653 2804 1732 2855 reddit
1740 2807 1873 2870 Menecles,
1885 2809 1966 2872 quippo

1195 2892 1236 2953 qul
1249 2892 1290 2939 illo
1301 2893 1407 2953 tempore
1417 2905 1446 2940 ex
1456 2892 1525 2940 bonis
1537 2890 1652 2952 Nicianis,
1666 2905 1771 2953 quorum
1783 2898 1876 2956 ροτίεοι
1886 2896 1964 2945 toenou

1195 2981 1343 3040 sumpserat,
1356 2978 1412 3027 satis
1422 2980 1530 3039 pecunia
1540 2979 1680 3028 inmanibus
1689 2980 1806 3043 baberet,
1818 2984 1844 3031 et
1855 2983 1964 3032 mundum

1195 3065 1335 3114 muliebrem
1356 3078 1428 3126 quem
1441 3078 1521 3114 σοουπι
1535 3065 1628 3128 attulit,
1649 3065 1770 3128 tricasque
1792 3081 1892 3130 aureas,
1911 3081 1966 3131 quaa

1195 3151 1287 3214 babuit,
1296 3151 1405 3200 reddidit.
1415 3152 1464 3213 (ιο)
1473 3154 1528 3201 Post
1535 3152 1690 3202 baresetum
1697 3155 1807 3216 tempore
1815 3154 1966 3217 prospiuidaal

1195 3239 1311 3288 Menecles
1321 3236 1441 3301 quomodo
1452 3239 1579 3289 orbitatem
1593 3239 1727 3300 devitaret,
1737 3243 1811 3303 atque
1822 3242 1919 3291 baberet
1927 3240 1965 3303 qui

1195 3339 1233 3388 se,
1243 3325 1302 3373 dum
1314 3326 1418 3386 vireret,
1426 3324 1476 3387 jam
1485 3339 1566 3375 senem
1576 3328 1686 3388 curaret,
1697 3330 1722 3376 et
1735 3332 1835 3377 mortuo
1847 3328 1964 3391 εκαοοιιίιε

1195 3411 1315 3471 redderet,
1328 3412 1401 3473 inque
1418 3414 1540 3472 posterum
1555 3411 1619 3472 justa
1632 3414 1791 3474 persolveret.
1808 3417 1881 3465 iluna
1899 3415 1964 3477 ipwr

1194 3497 1203 3560 [
1215 3497 1374 3546 adversarium
1384 3496 1393 3560 ]
1405 3496 1502 3546 uidebat
1517 3497 1593 3546 lilium
1605 3499 1705 3547 unicum
1716 3500 1860 3562 iubentem
1869 3498 1966 3563 mame

1194 3585 1335 3647 postulasset
1349 3583 1396 3634 sihi
1409 3584 1433 3632 in
1445 3583 1621 3646 adoptationem
1635 3585 1701 3647 dari,
1722 3599 1752 3635 eo
1763 3587 1831 3649 quod
1846 3589 1966 3649 prolem*

1194 3672 1286 3721 sentina
1299 3672 1363 3720 bunc
1374 3671 1493 3729 orbasset,
1502 3671 1545 3720 sibi
1556 3671 1605 3720 lore
1614 3671 1724 3722 dedecori
1734 3674 1846 3736 putabat.
1868 3677 1917 3735 (tl)
1928 3673 1965 3724 ld·

1194 3758 1271 3818 circo,
1283 3758 1354 3806 rebus
1363 3757 1396 3805 ita
1405 3771 1431 3806 se
1439 3757 1596 3819 habentibus,
1605 3759 1674 3807 nobis
1682 3760 1727 3809 sibi
1737 3760 1814 3823 maaria
1831 3761 1965 3810 [omilim

1194 3844 1313 3894 nerninem
1333 3844 1432 3892 invenit.
1450 3843 1552 3893 Proinde
1570 3858 1613 3893 nos
1630 3845 1750 3895 allocutus
1762 3849 1812 3905 eat,
1833 3848 1858 3896 et
1873 3859 1966 3909 αηιτιιιιι

1193 3930 1254 3979 dlxii
1271 3931 1316 3978 sibi
1332 3931 1421 3990 uideri,
1433 3944 1509 3992 quum
1521 3932 1581 3981 torte
1597 3931 1693 3981 somena
1706 3933 1785 3983 nullos
1794 3946 1966 3983 exsomne-

1193 4020 1242 4068 stra
1263 4016 1349 4066 liberos
1364 4020 1524 4078 procreasset,
1538 4031 1568 4067 ex
1580 4018 1625 4067 bae
1639 4018 1729 4068 tamilla
1747 4019 1826 4070 fillum
1844 4019 1966 4079 udam,

1194 4110 1257 4160 unde
1269 4111 1360 4172 prolem
1370 4111 1509 4160 naturaliter
1519 4110 1628 4161 babuisse
1641 4112 1756 4162 voluisset
1769 4131 1776 4163 a
1789 4132 1803 4156 ι
1820 4114 1968 4175 calonumque

1193 4222 1262 4270 ergo,
1286 4208 1376 4270 inquit,
1396 4209 1504 4257 vestrim
1530 4207 1605 4257 dudm
1628 4207 1735 4257 conditio
1752 4207 1968 4270 praeseminaret

1193 4305 1270 4365 ipsum
1281 4302 1394 4364 adoptare
1403 4302 1466 4351 uolo.
1479 4321 1491 4346 ν
1502 4303 1550 4363 (12)
1563 4301 1604 4351 ilis
1614 4300 1714 4363 auditis,
1724 4302 1782 4363 quia
1790 4302 1906 4352 omuibus
1915 4314 1968 4352 orn

1193 4394 1426 4456 praeternaturale
1440 4407 1508 4443 meus
1515 4406 1648 4443 sermonem
1655 4395 1708 4454 eius
1718 4393 1884 4456 collaudasti,
1893 4394 1968 4443 etlaa·

1192 4502 1233 4537 sus
1245 4491 1281 4537 est
1294 4488 1358 4536 etati
1368 4487 1450 4547 ejuset
1458 4486 1568 4548 prasenti
1577 4484 1675 4533 orbitati
1687 4498 1747 4547 opus
1758 4498 1811 4536 esse
1823 4488 1852 4535 ut
1859 4487 1968 4535 uomitu

1193 4582 1291 4641 lrabeat,
1304 4580 1377 4641 quisi
1393 4578 1538 4627 ministraret
1549 4578 1622 4639 inque
1639 4576 1700 4625 urbe
1709 4580 1851 4627 versaretur
1865 4596 1872 4627 ι
1884 4597 1897 4621 ι
1913 4574 1968 4629 aii

1192 4674 1284 4735 itaque,
1295 4671 1488 4734 lnquit‚necease
1498 4672 1534 4718 est
1547 4671 1575 4717 ut
1589 4668 1760 4729 domoabatm,
1773 4668 1800 4719 ld
1808 4669 1876 4732 quod
1887 4670 1969 4719 ιοθυ

1192 4765 1247 4823 tibi;
1257 4765 1296 4813 bio
1305 4777 1362 4813 aero
1372 4763 1444 4812 trater
1453 4759 1848 4823 meualmedioens)restuasque
1856 4773 1968 4825 mamus

1192 4856 1301 4915 curabit,
1324 4854 1344 4903 ai
1364 4868 1420 4904 eum
1442 4854 1583 4915 adoptatum
1601 4851 1681 4902 iveris.
1704 4870 1716 4895 ι
1750 4855 1830 4915 dique
1851 4852 1969 4904 unda

1192 4951 1264 5000 verbo
1285 4950 1339 5011 ejus
1362 4946 1517 5011 approbavit,
1537 4958 1624 5008 meque
1646 4944 1691 4994 bae
1711 4946 1805 4996 ratione
1826 4946 1874 4996 sibi
1894 4947 1969 4997 liiln

1191 5039 1281 5088 aseivit.

1226 5133 1262 5174 13.
1280 5124 1349 5184 Quod
1359 5123 1430 5185 igitur
1441 5120 1573 5171 secundum
1589 5119 1653 5181 leges
1665 5118 1725 5168 inita
1734 5120 1771 5168 est
1784 5118 1927 5181 adoptatio,
1941 5119 1971 5168 da

1193 5214 1238 5261 hoe
1256 5225 1297 5260 ros
1309 5214 1386 5259 certos
1397 5211 1471 5258 iactos
1490 5208 1568 5269 cupio,
1602 5206 1705 5255 Proinde
1720 5206 1797 5267 legem
1812 5206 1903 5266 recita,
1917 5218 1972 5270 σοι

1193 5301 1257 5362 iubet
1269 5299 1344 5346 atrivis
1356 5299 1426 5346 licere
1438 5296 1468 5344 de
1477 5295 1578 5348 fortunis
1589 5293 1638 5343 suis
1646 5293 1783 5354 damnem,
1793 5304 1821 5340 sa
1833 5292 1972 5342 mnditia·

1192 5386 1219 5433 ut
1235 5384 1324 5432 nullam
1341 5382 1432 5443 prolem
1448 5380 1603 5430 masculinam
1620 5379 1861 5442 legitimaqunaitam
1874 5380 1969 5430 lrabeat
