4467 6542
355 679 391 728 11
745 672 998 733 insinuatos
1020 675 1111 734 fluet
1133 677 1210 735 ΤΟΥ
1233 680 1383 738 ΗΡΩ101
1405 681 1548 742 (1101101.

353 804 465 881 πάσχειν
488 802 504 859 ό
523 826 549 860 τι
573 802 641 874 δέοι,
664 804 720 861 ἐπεὶ
741 804 771 862 τό
793 828 823 881 γε
844 805 973 885 συμφέρον
995 806 1040 865 καῖ
1058 798 1130 872 οὗτος
1149 810 1156 820 ’
1174 821 1307 882 reeusarit3
1326 835 1412 873 name
1432 838 1514 874 101011
1537 826 1595 887 quid
1612 827 1687 887 magis
1705 831 1782 890 esset,
1803 829 1841 877 trio
1861 844 1960 895 quoqne

353 889 493 965 ἠπίστατο,
501 889 540 947 ότι
551 889 609 947 τότε
622 890 751 948 παύσαιτο
759 890 967 970 στρεβλούμενος,
978 894 1054 951 ὁπότε
1063 892 1130 952 εἴποι
1174 902 1333 963 intelligebat,
1350 904 1516 966 101000111011,
1530 908 1558 955 ut
1572 907 1596 955 111
1610 907 1744 968 torquendo
1758 920 1783 956 sc
1796 907 1952 970 desisterent,

353 976 386 1033 τά
395 976 492 1042 τούτοις
508 980 644 1037 δοκοῦντα.
686 979 792 1057 Πυτέρῳ
810 970 853 1035 oda
868 980 935 1044 εἰκός
954 983 1008 1038 ἐστι
1023 987 1131 1039 πιστεῦ·
1174 985 1193 1032 si
1205 987 1272 1045 grata
1282 987 1328 1037 ittis
1341 989 1489 1049 praedicaret.
1515 990 1567 1037 Utri
1573 989 1624 1050 jam
1634 990 1821 1049 borumpareet
1831 1003 1875 1037 voa
1884 990 1955 1041 tidem

316 1084 343 1119 ao
354 1088 412 1133 σαι,
428 1068 465 1143 τῷ
480 1062 522 1121 δεδι
533 1064 621 1131 τέλους
631 1064 675 1121 τὸν
690 1065 765 1121 αὐτὸν
784 1064 860 1140 λόγον
875 1066 915 1123 ἀεὶ
928 1068 1045 1144 λέγοντι,
1061 1067 1078 1138 ἢ
1092 1073 1130 1147 τῷ
1175 1068 1355 1120 halare-'iiiuc
1368 1073 1496 1134 quiesque
1508 1073 1539 1121 ad
1556 1076 1692 1122 extremum
1703 1072 1786 1121 eadem
1800 1074 1824 1121 in
1840 1074 1958 1135 praedice-

352 1151 409 1209 τοτέ
423 1150 469 1227 μὲν
485 1152 610 1231 φάσκοντι
624 1150 681 1210 τοτέ
695 1154 717 1209 δ’
731 1152 775 1222 οὔ;
794 1151 862 1209 ἀλλὰ
877 1154 922 1211 καὶ
937 1153 997 1212 ἀνευ
1014 1154 1130 1231 βασάνου
1174 1152 1239 1202 ἴῑθθθ
1248 1157 1516 1216 Ρθῐῦθδθῐθῖῖῖνθθθῑῑῑθ
1523 1158 1565 1218 (1¹¹i
1574 1157 1672 1206 anemis
1678 1156 1880 1205 affirmat'ffitleffl
1886 1160 1958 1220 ”due

351 1239 472 1309 τοιαύτης
486 1242 509 1297 οἱ
523 1237 582 1304 τοὺς
595 1237 687 1304 αὐτοὺς
709 1238 761 1296 αἰεὶ
779 1238 839 1318 περὶ
861 1244 912 1297 τῶν
936 1246 1022 1299 αὐτῶν
1040 1242 1131 1320 λόγους
1174 1237 1288 1287 infimius
1298 1242 1350 1288 0⁸1?
1366 1239 1439 1301 Λίθΰῑ
1450 1240 1470 1288 Si
1482 1240 1525 1302 (tui
1537 1242 1575 1289 V⁰¹
1588 1240 1678 1301 abique
1689 1240 1816 1289 meniis
1828 1240 1915 1290 emim
1929 1242 1959 1291 (¹⁰

1845 689 1957 763 11110111

352 1325 623 1403 λέγοντεςπνντόννρνί
637 1328 692 1383 eim
706 1329 758 1382 τῶν
776 1326 967 1406 διαφερομένω,
982 1329 1068 1409 σφίσνν
1082 1332 1130 1387 αὖ.
1174 1334 1248 1371 causa
1266 1326 1402 1373 constanter
1422 1325 1505 1373 eadem
1524 1323 1668 1386 praedicent,
1688 1324 1805 1385 majorem
1831 1325 1957 1375 inveniunt

351 1417 412 1478 τοῖς.
455 1411 501 1491 (ετ)
516 1408 629 1472 Ἔπειτα
643 1412 670 1469 δὲ
684 1412 729 1470 καῖ
743 1416 772 1471 ἐκ
791 1417 842 1470 τῶν
856 1415 940 1490 λόγων
954 1419 1005 1472 τῶν
1019 1421 1064 1474 τοῦ
1083 1419 1130 1474 ἀν·
1174 1405 1262 1467 fidssfflv
1276 1422 1350 1470 (tuam
1359 1408 1401 1471 qui
1412 1408 1531 1457 18118111θῦ
1542 1408 1726 1469 ῖθῦῑθῦθθῑῦῑθ
1739 1407 1876 1459 dfflifflusst·
1909 1412 1956 1471 (⁵¹)

351 1498 455 1578 θρώπου
467 1499 539 1578 μερὶς
549 1498 664 1580 ἑκατέρῳ
673 1499 717 1571 ἴση
727 1499 798 1571 ἐστί,
809 1499 907 1567 τούτοις
916 1500 963 1576 μὲν
972 1503 1129 1583 τὸφάσκειν,
1174 1490 1205 1536 At
1221 1492 1271 1537 esto
1281 1491 1362 1538 tannen
1380 1490 1507 1550 utriusque
1519 1489 1669 1538 auctoritatis
1680 1503 1723 1552 par
1738 1490 1834 1552 pondus
1848 1505 1854 1537 :
1869 1501 1953 1539 summ

351 1587 409 1661 ἐμοὶ
423 1586 491 1645 δὲτὸ
506 1586 543 1662 μὴ
557 1588 682 1667 φάσκειν,
694 1587 723 1645 ἐκ
737 1610 765 1645 τε
780 1588 875 1667 ἀμφοῖν
892 1597 946 1647 τοῖν
960 1592 1060 1669 ἀνδροῖν
1074 1595 1130 1649 τοῖν

352 1675 569 1751 βασανισθέντοιν·
590 1674 665 1751 δμδν
679 1674 730 1750 γὰρ
754 1674 869 1752 ἔφησεν,
892 1677 905 1731 ό
925 1676 953 1733 δὲ
978 1677 1020 1735 διδ
1042 1678 1130 1744 τέλους

351 1760 451 1839 ἔξαρνος
462 1753 504 1831 ἦν.
545 1760 600 1819 ttot
614 1761 661 1835 μὲν
673 1760 704 1830 δὴ
717 1757 789 1829 rici}
803 1761 994 1839 ἴσου-γενόμενα
1008 1769 1054 1821 τοῦ
1069 1787 1130 1843 φευ-

311 1870 337 1905 aa
349 1848 435 1925 γοντός
449 1852 503 1907 ἐστι
516 1850 615 1924 μᾶλλον
627 1847 645 1918 ἢ
659 1854 706 1907 τοῦ
720 1848 867 1921 διώκοντος,
882 1851 957 1930 εἴπερ
970 1874 999 1924 γε
1014 1852 1058 1909 καῖ
1074 1857 1127 1910 τῶν

349 1934 441 2015 ψήφων
452 1935 580 2014 ὁάριθμὸς
591 1934 617 2002 ἐξ
626 1934 682 1992 ἴσου
690 1936 824 2014 γενόμενος
833 1936 876 1994 τὸν
888 1936 1014 2016 φεύγοντα
1026 1940 1126 2015 μᾶλλον

349 2021 470 2102 ώφελεῖῆ
486 2022 530 2079 τὸν
544 2020 678 2082 διώκοντα.

388 2130 423 2170 aa.
439 2108 475 2170 Ἡ
490 2109 537 2185 μὲν
562 2108 675 2187 βάσανος
695 2098 820 2190 ώάνδρες
841 2110 948 2183 τοιαύτη
972 2111 1088 2189 ἐγένετο,
1109 2106 1128 2193 ᾗ

349 2188 419 2254 οῦτοι
432 2195 595 2262 πιστεύοντες
614 2186 643 2254 εὖ
661 2196 755 2254 εἰδέναι
779 2197 856 2277 φασὶν
879 2201 924 2255 ὑπ’
946 2200 1009 2273 ἐμοῦ
1026 2203 1126 2259 ἀποθα·

351 2284 426 2340 νόντα
440 2283 482 2341 τὸν
498 2283 588 2363 ἄνδρα.
632 2283 726 2342 Καίτοι
742 2283 772 2341 τὸ
791 2283 916 2363 παράπαν
930 2286 1006 2363 ἔγωγ’
1021 2287 1053 2345 ἀν
1067 2287 1091 2345 εἴ
1102 2312 1128 2345 τι

349 2370 466 2447 συνῄδειν
478 2373 582 2447 ἐμαυτῷ
593 2370 637 2428 καῖ
651 2369 675 2427 εἴ
683 2394 709 2427 τι
719 2369 776 2443 ἐμοὶ
788 2376 902 2428 τοιοῦτον
912 2371 1047 2450 εἴργαστο,
1067 2374 1127 2453 ηρό-

349 2458 399 2515 νισ’
411 2456 441 2515 ἀν
455 2456 492 2514 τὼ
502 2456 644 2535 ἀνθρώπω,
657 2456 701 2514 dra
715 2456 755 2515 ἐπ’
768 2456 825 2533 ἐμοὶ
839 2448 870 2528 ἧν
885 2458 1019 2535 τοῦτομὲν
1032 2463 1067 2526 εἰς
1080 2460 1127 2532 τὴν

310 2563 337 2597 uo
350 2535 426 2602 Αἶνον
440 2544 550 2621 ἀπάγειν
564 2544 619 2620 ἅμα
631 2544 705 2620 ἐμοί,
718 2542 832 2602 τοῦτοδὲ
844 2544 935 2616 εἴςτλν
948 2546 1055 2625 ἤπεερον
1069 2550 1127 2605 δια-

349 2631 473 2703 ύιόοίσαι,
486 2632 530 2690 καὶ
551 2633 589 2709 μὴ
600 2632 784 2689 ὑπολείπεσθαι
799 2631 915 2708 μηνυτὰς
935 2634 993 2691 κατ’
1008 2638 1123 2710 ἐμαυτοῦ

347 2716 405 2784 τοὺς
418 2718 574 2785 συνειδότας.
616 2721 660 2796 (sa)
676 2718 751 2777 Φασῖ
763 2719 790 2776 δὲ
801 2719 993 2798 γραμματίδιον
1005 2723 1087 2800 εἴιρεῖν
1097 2726 1124 2781 ἐν

347 2810 384 2885 τῷ
397 2808 493 2886 πλοίῳ,
518 2805 660 2882 ὃῖπεμπον
675 2804 727 2882 ἐγὼ
746 2805 866 2885 Λυκίνῳ,
884 2810 920 2873 ώς
940 2809 1125 2883 ἀποκτείναιμι

346 2892 389 2950 τὸν
403 2892 496 2972 ἀνδρα.
540 2891 632 2952 Καίτοι
645 2891 730 2950 τίέδει
742 2916 775 2969 με
788 2894 981 2972 γραμματίδιον
993 2895 1126 2973 πέμπειν,

347 2982 426 3038 αὐτοῦ
437 2978 578 3045 συνειδότος
589 2984 634 3037 τοῦ
653 2978 683 3037 sd
697 2980 892 3058 γραμματίδιον
909 2980 1043 3060 φέροντας
1057 2981 1125 3041 ὥστε

347 3064 480 3142 τοῦτομὲν
497 3066 654 3146 σαφέστερον
668 3067 744 3132 αὐτὸς
756 3066 862 3143 ἔμελλεν
877 3070 942 3147 ἐρεῖν
957 3072 971 3126 ὁ
985 3070 1126 3146 εἰργασμέ-

346 3177 400 3226 νος,
411 3160 486 3212 τοῦτο
499 3153 526 3212 δὲ
538 3153 610 3211 οὐδὲν
622 3153 674 3212 ἔδει
685 3152 807 3232 κρύπτειν
824 3154 910 3212 αὐτόν·
926 3154 1005 3236 ἀγδιρ
1018 3154 1055 3232 μὴ
1072 3149 1124 3215 οἷόν

307 3258 334 3291 :¹0
347 3265 373 3298 τε
389 3241 483 3300 εἰδέναι
494 3241 538 3299 τὸν
555 3241 682 3319 φέροντα,
697 3241 769 3300 ταῦτ’
781 3242 812 3299 ἀν
823 3266 861 3307 τις
876 3242 991 3319 μάλιστσ
1008 3244 1124 3323 συγγράη

346 3333 397 3407 1βας
414 3329 550 3408 πέμψειεν.
592 3328 635 3406 (οι)
649 3325 762 3389 Ἔπειτα
776 3328 804 3387 δὲ
822 3328 838 3386 ὅ
848 3353 874 3387 τι
893 3329 940 3404 μὲν
956 3330 1056 3410 μακρὸν
1078 3330 1119 3402 εἴη

345 3425 469 3493 πρᾶγμα,
482 3421 558 3474 τοῦτο
570 3415 600 3474 ἀν
615 3439 653 3482 τις
669 3416 842 3494 ἀναγκασθείη
857 3417 956 3495 γράψαι
967 3421 1005 3497 τῷ
1019 3416 1056 3492 μὴ
1070 3419 1123 3476 δια·

346 3503 516 3579 μνημονεύειν
529 3503 574 3561 τὸν
591 3503 789 3581 ἀπαγγέλλοντα
804 3503 853 3561 ὑπὸ
873 3503 994 3574 πλήθους·
1006 3510 1082 3562 τοῦτο
1095 3505 1123 3562 δὲ

346 3588 430 3670 βραρῦ
442 3582 474 3661 ἦν
488 3592 663 3669 ἀπαγγεῖλαι,
679 3589 719 3648 ὅτι
732 3592 853 3661 τέθνηκεν
863 3593 876 3646 δ
888 3589 961 3670 ἀνήρ.
1009 3585 1123 3649 Ἔπειτα

345 3680 491 3756 ἐνθυμεῖσθε
508 3678 548 3738 ὅτι
563 3679 683 3759 διάφορον
697 3670 729 3750 ἦν
744 3678 773 3737 τὸ
783 3679 974 3758 γραμματίδιον
987 3682 1025 3758 τῷ
1036 3684 1121 3755 βασα·

344 3766 471 3842 νισθέντι,
487 3767 606 3847 διάφορος
624 3768 673 3825 δ’ὁ
693 3767 826 3847 ἄνθρωπος
838 3770 876 3845 τῷ
895 3767 1062 3846 γραμματίῳ.
1105 3771 1119 3825 ὁ

1173 1586 1229 1634 ergo
1245 1586 1290 1623 nos
1298 1587 1367 1635 pares
1380 1575 1471 1624 ratione
1492 1574 1684 1623 toetimoniorum
1700 1588 1706 1616 τ
1730 1587 1814 1624 servus
1825 1573 1899 1622 modo
1912 1586 1955 1635 pro

1174 1670 1213 1705 rue
1224 1657 1371 1719 praedicarit,
1379 1658 1452 1706 modo
1462 1657 1524 1707 idem
1534 1661 1667 1708 contremo
1679 1672 1685 1702 :
1698 1672 1783 1707 rursus
1794 1672 1825 1707 cr
1837 1656 1956 1706 ambobus

1108 1765 1115 1781 .
1173 1734 1242 1782 tortis
1251 1734 1311 1783 altor
1320 1735 1450 1783 attinuerit
1460 1749 1500 1784 me
1514 1737 1605 1785 facinus
1616 1739 1735 1799 patrasse,
1745 1736 1806 1783 atter
1818 1738 1956 1783 constanter

1173 1811 1288 1861 infitiatus
1308 1816 1352 1862 eat.
1397 1816 1518 1863 ittomenta
1539 1826 1596 1863 vcro
1617 1814 1810 1862 testimoniorum
1834 1812 1876 1861 ubi
1900 1814 1955 1862 sunt

1173 1892 1289 1954 neptalia,
1298 1906 1366 1941 reum
1375 1892 1468 1942 obtinet
1475 1894 1579 1953 vincere,
1592 1892 1677 1941 eadere
1689 1905 1762 1941 eausa
1772 1895 1953 1951 accusatorem

1173 1976 1273 2037 paritate
1286 1990 1383 2039 quoqne
1397 1979 1545 2028 calculorum
1555 1978 1648 2040 judices
1659 1977 1734 2039 magia
1748 1990 1816 2025 reum
1831 1989 1906 2039 quana
1916 1987 1955 2023 ae·

1172 2060 1308 2107 cusatorem
1320 2059 1444 2120 adjurant.

1204 2145 1241 2187 52.
1259 2140 1364 2201 Exposui
1375 2140 1442 2188 vobis
1450 2176 1457 2201 ,
1466 2139 1571 2201 jotticos,
1581 2140 1682 2188 torturoe
1691 2138 1806 2200 rationes,
1815 2151 1865 2201 qua
1876 2138 1951 2189 tiden-

1172 2234 1208 2280 1110
1221 2231 1245 2279 tn
1255 2231 1336 2291 aiunt,
1346 2232 1420 2293 probe
1429 2245 1455 2281 ae
1465 2245 1535 2281 noese
1541 2270 1549 2295 ‚
1557 2232 1699 2281 Herodema
1708 2245 1747 2281 me
1757 2232 1882 2281 subtatum
1893 2246 1950 2282 asse.

1174 2328 1222 2386 Ego
1240 2338 1298 2373 aero
1320 2324 1414 2386 siquid
1431 2324 1604 2387 tateunquam
1623 2326 1755 2387 petressem
1776 2323 1878 2387 ejusque
1893 2327 1952 2374 mitri

1172 2420 1281 2468 conscius
1295 2420 1405 2482 fuissem,
1422 2419 1567 2469 studuissem
1581 2420 1626 2468 boc
1638 2432 1680 2480 par
1694 2419 1820 2468 bominum
1832 2419 1951 2469 demedio

1172 2517 1268 2578 tollere,
1280 2518 1330 2566 sive
1345 2531 1441 2566 mecum
1457 2516 1489 2565 ad
1504 2519 1591 2566 AEnum
1607 2516 1747 2565 abducendo
1763 2516 1815 2565 eive
1828 2516 1853 2564 iu
1872 2516 1949 2565 conti·

1172 2614 1269 2662 nentem
1279 2612 1417 2674 trajiciendo
1425 2649 1433 2674 ,
1441 2625 1490 2661 non
1496 2614 1578 2661 autem
1585 2611 1726 2660 metuendos
1732 2612 1791 2660 mitri
1801 2612 1947 2674 retiquiasem

1171 2713 1270 2775 indices,
1278 2713 1387 2762 tiourines
1398 2711 1509 2762 iocinoris
1517 2711 1564 2760 mei
1573 2710 1688 2759 conscios.
1704 2708 1884 2772 (5.1)8011111001
1897 2723 1912 2758 a
1924 2722 1952 2759 se

1171 2811 1293 2871 repertum
1305 2807 1431 2870 innavigio
1438 2805 1574 2869 epistolium
1580 2841 1588 2866 ,
1598 2819 1646 2867 quo
1656 2806 1773 2867 Lycinum
1784 2803 1815 2853 de
1826 2804 1949 2854 interiecto

1170 2920 1185 2955 a
1198 2920 1237 2955 me
1252 2906 1346 2955 tterode
1357 2906 1483 2954 corbaram
1492 2904 1570 2954 tacere
1579 2903 1716 2951 voluissem.
1736 2901 1809 2963 Atqui
1820 2900 1880 2963 quid
1890 2914 1949 2963 opus

1172 3003 1225 3050 erat
1235 3000 1370 3062 epistolium
1379 2999 1488 3060 mittere,
1496 3011 1574 3060 quum
1581 2998 1685 3059 perlator
1696 2995 1748 3056 eiua
1762 2995 1811 3057 ipse
1822 2996 1884 3044 esset
1893 3007 1946 3043 con·

1170 3093 1232 3141 su'us
1237 3093 1356 3154 metueris,
1364 3093 1464 3154 ideoque
1471 3088 1698 3151 distinctiusiqeede
1703 3089 1945 3150 repossetenponere‚

1169 3186 1357 3248 necquidquam
1370 3199 1427 3234 eum
1441 3185 1514 3234 catari
1539 3184 1661 3245 oporteret
1672 3200 1678 3229 :
1689 3194 1745 3229 nam
1755 3194 1783 3229 ea
1792 3180 1867 3230 itteris
1883 3192 1946 3228 man·

1169 3282 1224 3330 data
1236 3280 1331 3330 mittere
1342 3282 1459 3339 solemus,
1471 3291 1581 3341 quaenon
1590 3290 1776 3339 possumuscum
1788 3276 1945 3338 perlatoribus

1168 3373 1355 3421 communicare.
1389 3371 1439 3434 (et)
1455 3374 1516 3424 item
1527 3370 1547 3418 ai
1560 3383 1610 3432 qua
1625 3370 1696 3431 longa
1708 3384 1746 3419 res
1760 3372 1810 3431 est,
1821 3384 1874 3419 eam
1888 3370 1945 3431 oapi·

1168 3481 1224 3516 mur
1241 3468 1400 3530 perscribere,
1415 3469 1525 3516 verentes
1536 3480 1566 3515 ne
1577 3465 1634 3527 quid
1646 3467 1751 3528 portator
1762 3466 1919 3515 obliviscatur
1935 3486 1941 3513 :

1167 3563 1193 3611 at
1206 3562 1278 3612 breve
1287 3566 1338 3612 erat
1353 3563 1466 3611 nuntium
1498 3560 1616 3611 Herodem
1625 3575 1676 3611 esse
1689 3563 1847 3623 peremptum.
1879 3564 1942 3610 Prae·

1167 3657 1232 3705 terea
1251 3657 1406 3708 memineritis
1420 3657 1553 3719 discrepare
1567 3655 1629 3705 iuter
1643 3669 1669 3705 se
1683 3655 1818 3718 epistolium
1835 3658 1860 3705 et
1873 3654 1942 3705 rerba

1166 3755 1228 3803 servi
1247 3774 1253 3802 :
1269 3754 1308 3802 hie
1321 3752 1421 3801 enimin
1437 3751 1569 3813 quaestione
1583 3764 1609 3799 se
1625 3752 1675 3812 ipse
1690 3749 1766 3798 edixit
1784 3748 1941 3798 interteciee,

304 3871 330 3908 νν
344 3852 451 3932 μὲνγὰρ
469 3854 668 3933 ssaoaorto'pevoq
692 3856 766 3922 αὐτὸς
787 3855 835 3933 1,,
856 3855 1020 3925 ἀποκτεῖναν,
1041 3853 1071 3912 τὸ
1093 3854 1121 3913 δὲ
1141 3876 1146 3930 Ι
1165 3846 1301 3909 epistolium
1314 3848 1394 3894 autem
1407 3844 1551 3906 reaignutum
1562 3856 1602 3892 me
1614 3842 1819 3891 tromicidamesee
1832 3841 1941 3903 proluat,

343 3943 508 4017 γραμμάτιον
530 3942 646 4020 ἀνοιχθὲν
662 3943 708 4019 ἐμὲ
728 3943 772 3999 τὸν
791 3942 979 3999 ἀποκτείναντα
999 3940 1118 4017 ἐμήνυεν,
1154 3944 1216 4024 ⁸(55)
1228 3946 1279 3992 Utri
1287 3943 1338 4003 jam
1351 3942 1446 4002 oportet
1456 3954 1498 3988 roa
1511 3939 1581 3987 fidem
1591 3939 1694 3988 babere?
1706 3942 1795 3998 Porro,
1812 3939 1880 3987 initio
1893 3936 1941 4000 qui·

345 4025 389 4105 (aa)
404 4027 497 4085 Καίτοι
516 4027 618 4106 ποτέρῳ
634 4028 686 4104 χρὴ
705 4034 861 4096 πιστεῦσαι;
876 4028 905 4084 τὸ
920 4027 966 4102 μέν
981 4026 1031 4106 γὰρ
1044 4031 1121 4106 πρῶ·
1165 4035 1234 4096 dein,
1253 4038 1401 4097 quaerentes,
1414 4047 1463 4082 non
1478 4032 1631 4082 inveniebant
1645 4033 1779 4095 epistolium
1794 4033 1818 4081 in
1836 4032 1939 4094 navigio,

343 4138 385 4172 τον
400 4117 449 4193 θῦχ
460 4107 532 4194 εὖρον
548 4117 573 4171 ἕν
586 4120 623 4193 τῷ
635 4115 717 4193 πλοίῳ
730 4119 863 4183 ζητοῦντες
874 4114 903 4171 τὸ
913 4114 1117 4193 γραμματίδιον,
1165 4131 1317 4193 postmodum
1336 4132 1417 4178 autem
1431 4128 1591 4177 inveniebant.
1608 4130 1677 4176 Tunc
1688 4125 1801 4175 nimirum
1811 4125 1876 4175 traua
1888 4128 1941 4190 ipati

343 4200 448 4280 ὕστερον
460 4201 496 4260 δέ·
541 4200 608 4260 Τότε
624 4202 670 4276 pb
684 4200 735 4278 ’ίὰθ
747 4199 820 4257 οὔπω
833 4201 913 4265 θῦῗωό
934 4201 1120 4277 ἐμεμηχάνητο
1164 4230 1271 4278 nondum
1284 4229 1487 4289 encourage-uta,
1498 4230 1624 4290 postquam
1633 4228 1714 4274 autom
1721 4225 1794 4273 bomo
1805 4226 1940 4286 primotoeo

342 4293 436 4355 αὐτοῖς·
458 4288 546 4358 ἐπειδὴ
562 4286 617 4345 ‘did
636 4287 796 4368 ἀνθρωποςό
813 4286 937 4365 πρότερον
951 4288 1116 4365 βασανισθεὶς

1164 4328 1241 4375 tortus
1251 4326 1307 4375 nibil
1314 4324 1428 4373 indicarat
1439 4323 1497 4372 mitri
1506 4324 1627 4381 intestam,
1635 4322 1680 4384 ipsi
1688 4322 1801 4371 schedam
1806 4323 1941 4386 injiciebant

341 4378 413 4433 οὐδὲν
426 4375 498 4454 ἔλεγε
508 4377 565 4433 κατ’
581 4379 662 4452 ἐμοῦ,
675 4374 732 4432 τότε
746 4374 927 4432 εἰσόάλλουσιν
940 4377 975 4439 εἰς
984 4373 1014 4430 τ“ο
1023 4376 1115 4432 πλοῖον
1165 4425 1169 4434 .

341 4463 371 4521 τὸ
390 4463 596 4543 γραμματίδιον,
617 4460 660 4518 ἵνα
680 4461 777 4533 ταύτην
798 4461 880 4540 ἔχοιεν
895 4460 953 4537 ἐμοδ
971 4460 1017 4531 τὴν
1032 4464 1118 4520 αῖτιαν

293 4552 478 4631 13θέπιφέρειν·
521 4549 566 4627 (aa)
579 4548 668 4619 ἐπεεδὴ
684 4552 706 4606 δ’
722 4548 869 4625 ἀνεγνώσθη
886 4548 914 4606 τὸ
927 4550 1117 4626 γραμματίοιον

341 4639 385 4696 καῖ
394 4644 408 4697 ὁ
417 4638 520 4717 ύστερος
532 4636 732 4729 βασανιζόμενος
742 4639 771 4695 ού
784 4636 936 4717 συνεφέρετο
947 4641 983 4716 τῷ
993 4660 1117 4716 γραμμα-
1138 4707 1141 4715 Δ

340 4727 427 4806 τιδίῳ,
445 4726 531 4785 οὐκέθ’
548 4716 600 4783 οἶόν
621 4728 644 4781 τ’
669 4730 700 4795 ἠν
716 4724 841 4803 ἀφανίσαι
857 4723 890 4782 τά
909 4725 1116 4801 ἀναγνοισθέντα.

342 4816 375 4874 Εἰ
388 4814 439 4892 γάρ
453 4813 584 4891 ἠγάσαντο
601 4811 645 4870 τὸν
659 4812 740 4892 ἀνδρα
759 4811 858 4869 πείσειν
873 4811 926 4869 ἀπὸ
940 4810 1045 4892 πρώτης
1060 4836 1115 4869 κα-

339 4902 511 4981 ταψεύδεσθαί
525 4924 589 4977 μου,
603 4904 650 4958 οὐκ
661 4900 692 4958 ἀν
706 4899 763 4958 ποτ’
779 4898 981 4979 ἐμηχανήσαντο
994 4897 1028 4956 τά
1042 4904 1068 4958 έν
1080 4904 1116 4980 τῷ

339 4988 532 5068 γραμματιδίῳ.
574 4988 628 5047 Καί
640 5011 683 5064 μοι
698 4987 831 5067 μάρτυρας
844 4986 941 5045 τούτων
953 4987 1037 5045 κάλει.

619 5122 834 5181 triturares,

306 5276 318 5309 ι,
379 5264 415 5303 11.
439 5242 515 5307 Τίνος
531 5265 561 5317 γε
575 5240 607 5311 δὴ
628 5241 702 5299 ἕνεκα
724 5241 766 5299 τδν
787 5241 868 5319 ἄνδρα
888 5238 1043 5308 ἀπέκτεινας
1059 5237 1116 5295 οὐδὲ

338 5331 388 5409 γὰρ
401 5330 480 5408 ἔχθρα
494 5330 600 5405 οὐδεμία
615 5320 647 5399 ἦν
660 5330 718 5403 ἐμοὶ
729 5328 774 5385 καὶ
787 5328 885 5405 ἐκείνῳ.
912 5325 1004 5403 Λέγεεν
1017 5323 1043 5381 δέ
1058 5328 1115 5381 τολ·

339 5422 421 5496 μῶσιν
441 5420 476 5482 ὡς
501 5415 553 5493 ἐγὼ
572 5415 661 5495 χάριτι
675 5416 718 5473 τὸν
741 5414 821 5495 ἀνδρα
845 5415 956 5473 ἔκτεινα.
1001 5413 1054 5473 Καί
1078 5411 1116 5477 τίς

1080 4463 1086 4481 ,
1163 4438 1187 4472 m
1202 4425 1335 4484 navigium,
1350 4436 1399 4483 quo
1410 4421 1526 4469 haberant
1539 4432 1635 4469 causam
1649 4420 1755 4468 criminis
1768 4419 1793 4468 in
1807 4434 1847 4469 me
1864 4421 1939 4469 conte·

1068 4551 1079 4567 τ
1162 4520 1230 4569 rendi
1242 4534 1247 4563 :
1261 4521 1308 4581 (aa)
1320 4519 1440 4580 tegebatur
1451 4516 1585 4578 epistolium
1601 4534 1607 4563 ι
1625 4514 1782 4576 torquebatur
1791 4517 1844 4563 tum
1859 4526 1940 4564 servus

1162 4614 1292 4675 posterior3
1303 4626 1386 4660 rerum
1396 4613 1434 4661 bic
1444 4613 1550 4675 epistolio
1561 4612 1646 4661 rdetaat
1657 4624 1743 4674 parum
1752 4608 1922 4658 consentientia
1932 4626 1938 4656 :

1160 4715 1210 4774 jam
1230 4709 1389 4759 occultassent
1412 4709 1547 4771 epistolium
1565 4708 1584 4757 si
1611 4707 1725 4756 licuisset.
1769 4703 1863 4763 Quodsi
1891 4705 1939 4753 tore

1161 4812 1309 4874 spumarent,
1327 4812 1354 4857 ut
1365 4823 1462 4858 servum
1473 4808 1554 4858 statim
1567 4821 1581 4856 a
1595 4806 1710 4870 principio
1724 4809 1891 4868 permoverent
1907 4798 1936 4850 ad
1949 4778 1980 4822 χ

1162 4914 1219 4965 aisa
1228 4905 1702 4970 1001101υο0111000110,01001110111011111111
1714 4905 1865 4967 epistolarem
1872 4913 1937 4951 com·

1161 5010 1235 5058 menti
1245 5022 1293 5057 uon
1306 5008 1413 5056 tuissent.
1426 5006 1479 5056 cita
1493 5009 1520 5054 tu
1531 5004 1590 5053 mitri
1601 5004 1688 5052 borum
1702 5003 1783 5051 testes.

1491 5128 1613 5176 TESTES.

1193 5244 1231 5289 57.
1249 5238 1293 5287 Set
1308 5238 1406 5298 orerijus
1424 5236 1522 5286 tandem
1534 5236 1567 5284 roi
1584 5248 1656 5283 causa
1677 5247 1721 5293 ego
1735 5233 1815 5281 virum
1835 5231 1935 5282 occidte·

1159 5342 1209 5376 sem
1226 5331 1309 5375 1111110
1321 5326 1464 5374 sinuittatis?
1482 5324 1553 5385 Atqui
1566 5322 1631 5371 nutta
1649 5322 1707 5370 mibi
1722 5334 1778 5369 cum
1793 5333 1822 5369 oo
1839 5320 1938 5369 interre-

1160 5416 1240 5465 debut.
1273 5414 1430 5466 sedationem
1450 5412 1584 5473 ingratiam
1597 5411 1663 5459 011101
1676 5423 1714 5458 me
1725 5408 1758 5457 itti
1772 5408 1883 5471 spiritum
1892 5405 1935 5453 eri·
