4467 6542
346 704 398 753 ret

345 826 482 901 Σκέψασθε
491 820 589 885 δέτίνες
603 820 666 877 elale
676 818 717 884 οθς
726 820 763 876 δεῖ
774 820 901 896 παρεῖναι.
915 820 975 896 Οὐχ
986 816 1075 884 οἵτινες
1087 817 1119 875 ἀν

345 909 393 977 τήν
409 907 512 977 ἡλικίαν
527 906 624 975 ταύτην
641 904 750 983 ἔχωσεν,
768 906 816 980 οὐχ
835 903 877 969 aba
894 904 925 961 ἀν
937 908 960 961 οἱ
978 904 1119 983 στρατηγοί

344 994 532 1062 καταλέξωσιν,
564 996 594 1067 (t)
604 990 734 1066 Ἱθγοῦμαι
747 992 779 1060 δ’,
790 980 811 1046 ὦ
825 990 1118 1069 &repraesentatem

308 1110 331 1145 ιο
345 1087 381 1161 τῷ
391 1082 462 1161 νόμῳ
474 1080 551 1158 μόνον
561 1078 637 1137 αὐτόν
646 1083 697 1136 τῶν
707 1079 819 1135 πολιτῶν
833 1077 921 1155 ἔνοχον
932 1069 1009 1135 εἶναι’
1022 1080 1118 1155 ἀστρα-

345 1171 415 1234 τείας
434 1168 480 1242 μὲν
494 1169 545 1246 qap
559 1167 662 1231 δικαίως
678 1165 709 1223 ἀν
724 1167 801 1223 αὐτόν
816 1167 929 1243 ἁλῶναι,
945 1165 984 1223 ότι
1005 1169 1118 1223 καταλε·

345 1256 396 1332 γείς
410 1258 439 1313 οὐ
457 1259 555 1333 παρῆν,
575 1251 722 1319 λιποταξίου
738 1252 779 1321 δέ,
798 1252 837 1309 δτι
859 1256 906 1310 οὐκ
924 1253 1046 1323 ἐπεξῆλθε
1062 1251 1117 1327 μεθ’

345 1346 416 1416 ὑμῶν
430 1339 706 1419 στρατοπεδευόμενος,
724 1336 781 1395 οὐδὲ
794 1338 911 1416 παρέσχε
926 1338 991 1413 μετὰ
1007 1343 1057 1396 τῶν
1069 1338 1118 1393 ἀλ-

344 1430 394 1485 λων
406 1428 496 1485 ἑαυτὸν
509 1426 596 1497 τάξαι,
613 1426 709 1489 δειλίας
725 1424 764 1496 δέ,
777 1424 815 1482 δτι
828 1427 880 1482 δεῖν
897 1426 972 1483 αὐτὸν
988 1424 1117 1500 μετὰτῶν

343 1518 454 1572 θπλιτιῗνν
464 1513 617 1571 κινδυνεύειν
630 1513 746 1569 ἱππεύειν
760 1510 851 1572 είλετο.
888 1516 919 1587 (ο)
934 1514 1027 1572 Καίτοι
1041 1511 1117 1591 φασὶν

343 1600 420 1659 αὐτὸν
431 1600 529 1669 ταύτην
542 1599 589 1669 τήν
604 1598 744 1676 ἀπολογίαν
756 1600 922 1670 ποιήσεσθαι,
934 1603 968 1665 ὡς
978 1598 1117 1677 ἐπειδήπερ

341 1690 458 1759 ἵππευεν,
467 1687 539 1745 οὐδὲν
550 1687 634 1757 ἠδίκει
645 1686 692 1756 τήν
705 1686 789 1746 πολιν.
831 1685 903 1763 Ἐγὼ
913 1687 935 1743 δ’
947 1690 1060 1762 ἡγοῦμαι
1074 1687 1116 1743 διὰ

342 1777 411 1835 τοῖθ’
425 1781 490 1851 ύμᾶς
506 1776 610 1839 δικαίως
623 1774 653 1831 ἀν
669 1775 740 1851 αὐτῷ
756 1774 913 1851 ὀργίζεσθαι,
930 1773 968 1831 ότι
979 1778 1023 1831 τοῦ
1037 1772 1115 1865 νόμου

306 1887 329 1921 rs
342 1864 499 1933 κελεύοντος,
515 1862 559 1920 ἐοίν
569 1868 606 1926 τις
616 1860 791 1935 ἀδοκίμαστος
803 1860 914 1939 ἱππεύῃ,
929 1860 1021 1936 οίτιμον
1036 1866 1114 1935 εἶναι,

344 1953 484 2025 ἐτολμησεν
500 1947 671 2024 ἀδοκίμαστος
685 1948 813 2007 ἱππεύειν.
867 1947 922 2007 Καί
934 1970 977 2022 μοι
989 1946 1116 2023 ἀνάγνωθι

342 2039 385 2094 τδν
402 2037 486 2113 νόμον.

670 2164 787 2209 ΝΟΜΟΣ.

380 2316 401 2353 o.
424 2284 506 2358 Οθτος
517 2290 600 2350 τοίνυν
611 2295 646 2357 είς
663 2293 730 2350 τοῦτ’
745 2284 806 2363 ήλθε
821 2293 960 2372 πονηρίας,
979 2294 1024 2351 καί
1037 2292 1117 2361 οὕτως

342 2384 413 2451 ὑμῶν
428 2378 603 2458 κατερρόνησε
617 2377 662 2436 καλ
680 2378 736 2443 τοὺς
755 2379 894 2454 πολεμίους
913 2380 995 2438 ἔδεισε
1013 2382 1057 2439 καλ
1071 2386 1116 2439 ἱπ-

341 2467 427 2524 πεύειν
437 2466 585 2539 ἐπεθύμησε
597 2464 642 2522 καὶ
656 2467 706 2521 τῶν
719 2463 804 2539 νόμων
817 2468 863 2523 ούκ
878 2466 1034 2545 ἀρρόντισεν,
1048 2468 1114 2527 ὥστε

340 2553 412 2611 οὐδὲν
428 2555 499 2631 αὐτῷ
513 2551 609 2609 τούτοιν
623 2553 673 2607 τῶν
686 2550 808 2608 κινδύνων
821 2552 957 2627 ἐμέλησεν,
972 2554 1029 2611 ἀλλ’
1041 2555 1114 2614 ἐόου·

339 2640 405 2711 λήθη
417 2640 462 2698 καί
477 2638 567 2715 ἄτιμος
582 2628 647 2695 εἶναι
658 2637 703 2695 καλ
714 2637 745 2695 τό
762 2638 879 2717 χρήματ’
892 2642 970 2698 αὐτοῦ
985 2642 1115 2718 δημευθῆ-

300 2747 326 2783 εο
340 2751 382 2784 ναι
402 2726 446 2785 καλ
460 2726 557 2791 πόσαις
571 2726 626 2791 ταῖς
644 2723 773 2800 κειμέναις
785 2725 888 2802 ζημίαις
899 2726 985 2805 ἔνοχος
997 2729 1114 2805 γενέσθαι

340 2817 439 2891 μᾶλλον
455 2813 473 2883 ἢ
492 2810 559 2888 μετὰ
575 2816 625 2870 τῶν
642 2813 756 2869 πολιτῶν
776 2804 841 2869 εἶναι
861 2813 906 2870 καλ
919 2814 1025 2885 ὁπλίτης
1039 2817 1114 2893 γενέ·

339 2907 406 2961 σθαι,
451 2902 496 2975 (10)
514 2899 567 2959 ital
579 2899 661 2977 ἕτεροι
672 2896 719 2975 μὲν
732 2899 895 2957 οὐδεπώποτε
910 2903 1114 2977 ὁπλιτεύσαντες,

338 2986 489 3052 ἱππεύοντες
502 2987 529 3043 δέ
543 2986 587 3044 τὸν
602 2986 680 3043 ἄλλον
695 2986 786 3064 χρόνον
799 2987 844 3044 καὶ
862 2986 947 3045 πολλὰ
968 2988 1037 3046 κακθι
1057 2990 1114 3057 τούς

339 3075 478 3151 πολεμίους
486 3073 669 3147 πεποιηκότες,
682 3076 728 3130 ούκ
739 3072 886 3150 ἐτολμησαν
898 3074 941 3131 ἐπὶ
953 3075 1011 3141 τοὺς
1021 3074 1114 3145 ἵππους

338 3162 483 3234 ἀνεθῆναι,
493 3163 601 3225 δεδιότες
612 3165 679 3237 ὑμᾶς
691 3160 735 3217 καλ
745 3159 788 3218 τὸν
800 3160 889 3235 νόμον·
904 3160 971 3219 ούτω
982 3163 1032 3243 γὰρ
1046 3155 1113 3234 ἦσαν

336 3248 593 3327 παρεσκευασμένοι,
610 3249 660 3326 οὐχ
677 3250 711 3311 ὡς
732 3247 911 3324 ἀπολουμένης
931 3254 976 3320 τῆς
999 3252 1113 3329 πόλεως,

337 3337 394 3393 ἀλλ’
408 3339 443 3403 ὡς
457 3335 638 3411 σωθησομένης
652 3334 697 3391 καί
709 3333 825 3410 μεγοίλης
839 3336 962 3411 ἐσομένης
977 3337 1022 3394 καὶ
1035 3361 1114 3414 τιμω·

297 3447 323 3485 τε
338 3426 481 3505 ρησομένης
492 3426 551 3492 τοὺς
568 3426 734 3489 ἀδικοῦντας·
750 3423 918 3497 Ἀλκιόιοίδης
936 3426 958 3482 δ’
970 3425 1112 3503 ἐτόλμησεν

337 3514 477 3583 ἀναόῆναι,
493 3513 551 3571 ούτε
563 3511 648 3576 εύνους
661 3509 697 3568 ὧν
707 3515 744 3590 τῷ
759 3511 852 3581 πλήθει
864 3513 922 3570 οὔτε
936 3512 1059 3593 πρότερον
1069 3519 1113 3573 trr-

335 3601 432 3667 πεύσας
444 3600 502 3658 οὔτε
511 3605 555 3657 νῦν
568 3599 737 3673 ἐπιστάμενος
745 3598 802 3656 ούτε
811 3600 853 3679 ύρ’
861 3603 931 3675 ὑμῶν
940 3602 1111 3676 δοκιμασθείς,

336 3693 369 3753 όνς
388 3692 435 3747 ούκ
452 3688 600 3764 ἐξεσόμενον
618 3691 649 3762 τῇ
666 3685 739 3743 πόλει
757 3686 830 3757 δίκην
845 3686 918 3765 παρὰ
934 3691 985 3745 τῶν
1000 3689 1113 3747 ἀδικούν-

335 3799 385 3833 των
399 3775 552 3853 λαμόοίνειν.
595 3773 638 3853 (tr)
651 3773 844 3848 Ἐνθυμηθήναε
854 3776 880 3831 δὲ
892 3775 944 3854 χρὴ
961 3774 1013 3845 ότι,
1024 3778 1046 3833 εἷ
1059 3775 1110 3843 ἐξέ-

831 690 969 748 ΑΥΣΙΟΥ
989 692 1014 747 0
1037 688 1134 746 ΚΑΤΑ
1159 691 1442 751 anxietatera,

1790 697 1935 776 (αι-ιο

1165 830 1228 879 quos
1239 819 1351 868 interesse
1360 824 1477 883 oporteat.
1509 826 1593 870 Annon
1602 835 1644 872 eos
1655 823 1698 885 qui
1708 824 1772 873 trane
1782 825 1872 876 babent
1884 830 1940 878 reta·

1163 906 1229 953 tem?
1239 918 1318 954 annon
1327 920 1367 955 eos
1380 920 1441 969 quos
1451 909 1547 969 strategi
1557 909 1757 973 conscripserint?
1770 912 1807 976 (7)
1826 915 1941 977 equiem

1165 992 1290 1052 existimo,
1305 990 1410 1054 judiees,
1423 994 1495 1043 istum
1505 996 1582 1045 solum
1595 1011 1624 1045 ex
1637 998 1733 1048 ciuibus
1747 1000 1816 1050 omui
1826 1002 1884 1064 legis
1892 1002 1939 1054 d'n·

1163 1080 1279 1140 positione
1292 1082 1448 1129 constrictum
1463 1083 1552 1144 teneri;
1572 1083 1660 1133 etnim
1678 1086 1819 1149 ἀστρατείας
1832 1090 1883 1139 aire
1898 1088 1940 1141 ab·

1163 1167 1245 1215 sentiae
1254 1181 1269 1214 a
1277 1168 1360 1217 eastris
1367 1168 1453 1217 merito
1462 1182 1517 1218 reus
1523 1171 1653 1233 peragitur,
1663 1173 1731 1234 quod
1737 1176 1888 1239 conscriptus
1895 1190 1939 1227 uun

1163 1254 1337 1315 compmuerit;
1356 1256 1488 1311 λιποταξίου
1508 1256 1559 1307 σίνε
1577 1258 1664 1309 desedi
1682 1260 1788 1323 ordinis,
1806 1266 1871 1327 quod
1894 1281 1939 1317 noa

1162 1340 1246 1388 exierit
1260 1353 1307 1388 una
1320 1341 1444 1390 vobiscum
1462 1342 1579 1406 militans;
1592 1346 1676 1403 δειλίας
1690 1346 1797 1412 denique
1811 1352 1863 1403 sire
1877 1354 1938 1416 igna-

1162 1426 1221 1485 τίω,
1233 1428 1311 1488 quod,
1324 1442 1399 1490 quum
1412 1430 1489 1490 ipsum
1504 1432 1635 1492 oportuerit
1651 1447 1708 1483 eum
1722 1437 1803 1497 maris
1815 1444 1938 1492 armature

1162 1513 1278 1562 militibus
1292 1515 1420 1564 discrimen
1429 1516 1522 1578 subire,
1541 1520 1657 1580 equitatui
1673 1533 1699 1569 se
1710 1522 1842 1586 adjmgere
1850 1528 1936 1578 malue-

1162 1600 1202 1651 rit.
1236 1604 1268 1661 (s)
1283 1603 1355 1664 Atqui
1376 1603 1507 1665 praedicant
1521 1606 1593 1655 istum
1612 1607 1656 1656 bae
1674 1608 1814 1661 defensione
1827 1626 1936 1677 usunrnr,

1162 1693 1240 1753 quod,
1251 1696 1363 1757 quoniam
1374 1698 1478 1758 equitem
1489 1710 1515 1747 se
1525 1699 1641 1763 prebuit,
1653 1714 1702 1750 non
1715 1702 1804 1753 leserit
1814 1707 1937 1769 rempubli-

1162 1800 1221 1835 cam.
1255 1792 1305 1850 Ego
1323 1793 1405 1838 antem
1418 1792 1530 1853 arbitror,
1542 1805 1585 1843 vos
1598 1793 1687 1844 ideireo
1699 1796 1755 1857 iure
1766 1798 1790 1848 ei
1805 1813 1937 1851 senoensem

1163 1888 1242 1936 posse,
1255 1878 1334 1938 quod,
1354 1891 1429 1939 quum
1445 1881 1568 1943 praecipiat
1584 1882 1624 1930 lex
1640 1896 1697 1931 eum
1714 1885 1831 1935 infamem
1843 1892 1936 1949 esse‚si

1161 1963 1271 2022 quianon
1283 1964 1397 2025 probatus
1415 1966 1571 2029 equitaverit,
1588 1968 1638 2030 ipse
1652 1970 1734 2019 tamen
1748 1974 1861 2035 equitare
1872 1986 1937 2025 ausus

1162 2049 1232 2097 luerit
1246 2064 1293 2098 non
1306 2051 1428 2112 probatus.
1443 2055 1473 2101 Et
1484 2054 1541 2101 mibi
1555 2055 1631 2117 legem
1641 2056 1723 2106 recita.

1513 2198 1582 2239 Lux.

1191 2316 1214 2358 9.
1229 2313 1276 2359 lsie
1292 2312 1362 2373 igitur
1373 2326 1402 2362 eo
1417 2314 1482 2363 venit
1499 2314 1671 2376 improbitatis,
1692 2330 1737 2366 vos
1750 2319 1786 2368 ita
1799 2322 1937 2384 mutempalt

1160 2398 1184 2445 et
1194 2396 1273 2446 hostes
1282 2400 1433 2460 formidavit,
1445 2400 1505 2450 adeo
1514 2402 1620 2464 impense
1629 2403 1724 2455 studuit
1733 2407 1857 2469 equitare,
1869 2408 1936 2469 leges·

1159 2496 1207 2545 que
1223 2486 1339 2548 neglexit,
1360 2490 1386 2536 ui
1405 2500 1491 2550 parum
1510 2491 1630 2539 curaverit
1650 2490 1705 2541 baee
1717 2493 1840 2555 pericula,
1858 2507 1937 2544 verim

1160 2571 1270 2622 noluerit
1288 2577 1312 2623 et
1328 2576 1422 2624 infamis
1434 2576 1498 2637 deri,
1512 2576 1662 2627 etbonasua
1678 2579 1813 2643 publicari,
1829 2584 1854 2633 et
1867 2585 1937 2645 penis

1160 2660 1271 2708 omnibus
1290 2662 1431 2724 tenerique
1447 2663 1498 2724 lege
1512 2665 1661 2727 statuuntur,
1671 2680 1747 2728 quam
1762 2682 1789 2718 se.
1806 2669 1932 2732 adjungere

1159 2747 1252 2795 civibus
1266 2748 1315 2796 suis
1328 2752 1353 2797 et
1366 2749 1445 2811 gravis
1460 2752 1589 2799 armaturae
1605 2752 1715 2801 militiam
1726 2754 1806 2804 obire.
1840 2758 1890 2820 (to)
1908 2760 1936 2807 at

1159 2835 1232 2883 aeteri
1246 2835 1342 2896 quidem
1352 2837 1394 2897 qni
1405 2850 1434 2884 eo
1444 2838 1535 2887 militiae
1543 2851 1630 2901 genere
1645 2853 1771 2902 nunquam
1780 2841 1936 2906 (ἰάσασθαί

1159 2926 1182 2974 id
1197 2940 1274 2988 usque
1289 2930 1385 2989 tempus
1396 2930 1458 2979 inter
1467 2931 1560 2993 equites
1568 2931 1744 2996 uilitaverant,
1754 2936 1884 3000 hostesque
1892 2939 1935 2989 rei-

1159 3019 1262 3082 publice
1285 3022 1354 3070 malis
1369 3023 1500 3072 atteeerant
1517 3024 1638 3087 plurimis,
1659 3039 1709 3076 non
1726 3030 1779 3077 ausi
1802 3031 1898 3082 tuerent
1912 3033 1935 3082 in

1158 3126 1232 3174 equos
1241 3113 1381 3174 ascendere,
1391 3127 1434 3164 vos
1443 3117 1466 3164 et
1475 3117 1549 3178 legem
1559 3118 1655 3168 reveriti
1666 3138 1673 3167 ε
1685 3120 1720 3169 ita
1732 3121 1798 3171 enim
1808 3123 1936 3186 comparati

1159 3209 1241 3265 erant,
1258 3220 1306 3255 non
1323 3208 1390 3269 quasi
1409 3210 1573 3270 exspectarent
1584 3210 1762 3272 rempublicam
1775 3214 1934 3280 interituram,

1158 3297 1199 3346 sed
1209 3298 1353 3348 incolumem
1365 3313 1522 3363 magnumque
1534 3302 1655 3357 luteram,
1666 3304 1691 3353 et
1701 3317 1757 3354 eam
1768 3318 1827 3368 quae
1839 3313 1935 3371 possets

1158 3391 1350 3454 delinquentmns
1357 3408 1438 3456 ρωποι
1449 3408 1579 3457 reposcere.
1613 3397 1751 3448 Alcibiades
1760 3412 1820 3450 vero
1832 3403 1935 3464 equitare

1158 3498 1205 3533 non
1215 3485 1346 3547 dubitarit,
1355 3487 1396 3548 qui
1405 3499 1484 3549 neque
1494 3489 1517 3536 in
1527 3489 1642 3551 populum
1653 3490 1773 3541 benevolo
1787 3494 1835 3543 tuit
1844 3495 1934 3556 animo,

1157 3590 1236 3639 neque
1247 3581 1316 3627 antea
1327 3592 1390 3640 equo
1399 3583 1533 3640 meruerat,
1544 3593 1622 3642 neque
1635 3594 1702 3631 nunc
1711 3584 1764 3646 ejus
1773 3584 1868 3634 militiae
1876 3584 1934 3647 per·-

1157 3672 1256 3730 tuaest,
1269 3684 1367 3733 nequea
1379 3672 1447 3721 vobis
1456 3673 1582 3734 probatus,
1596 3675 1665 3736 qrrasi
1679 3675 1792 3726 futurum
1802 3680 1935 3728 existimant

1158 3765 1185 3813 ut
1196 3778 1318 3826 nunquam
1334 3764 1471 3828 reipublicae
1488 3766 1569 3816 liceret
1582 3766 1749 3831 delinquentes
1760 3772 1856 3833 punire.
1888 3773 1934 3836 (tt)

336 3886 395 3920 σται
411 3862 426 3920 ό
442 3887 467 3920 τι
482 3862 514 3919 ἀν
529 3885 567 3927 τις
583 3861 708 3939 βούληται
729 3862 820 3931 ποιεῖν,
833 3861 905 3919 οὐδὲν
919 3861 1008 3941 όρελος
1020 3863 1111 3939 νόμους
1157 3856 1231 3905 V⁰b5⁸
1251 3858 1331 3906 Μέθῃ]
1354 3860 1390 3906 ὅθ
1409 3857 1648 3908 immittendum
1670 3862 1752 3924 θῦθθν
1771 3864 1792 3912 ⁸¹
1811 3864 1934 3927 unioni(lut

335 3946 465 4019 κεῖσθαι-λ
486 3953 553 4025 ὑμᾶς
575 3947 744 4026 συλλέγεσθαι
758 3947 775 4016 ἢ
794 3948 953 4028 στρατηγούς
973 3954 1108 4030 αἱρεῖσθαι.
1156 3949 1253 4010 impune
1269 3950 1315 3998 ⁰?st
1331 3951 1409 3999 ‘³00‘ss
1423 3950 1488 4012 quod
1503 3950 1620 4013 *Olutfits
1638 3951 1698 4001 ⁰5¹¹ss
1709 3953 1760 4014 1³¹ss
1776 3968 1838 4018 09⁰⁸
1851 3957 1882 4006 ὅθί
1894 3957 1933 4005 ⁸¹¹⁸

295 4049 321 4086 αν
335 4036 471 4111 Θαυμάζω
483 4036 525 4113 δι’,
541 4026 664 4115 ὦάνδρες
676 4035 809 4106 δικασταί,
824 4034 895 4100 εἴτις
913 4036 991 4107 ἀξιοῖ,
1006 4036 1050 4095 ἐὰν
1063 4038 1110 4113 μέν
1157 4041 1218 4102 leges
1228 4041 1295 4102 terri,
1310 4044 1352 4091 aut
1368 4056 1411 4091 vos
1420 4043 1573 4105 congregari,
1593 4046 1635 4093 aut
1649 4047 1768 4108 strategos
1777 4048 1841 4111 eligi.
1855 4048 1932 4110 tliror,

334 4148 370 4188 τις
381 4122 537 4202 προσιόντων
547 4126 598 4178 τῶν
613 4120 745 4197 πολεμίων
758 4126 803 4191 τῆς
815 4120 919 4201 πρώτης
929 4123 1024 4191 τοίξεως
1035 4148 1109 4183 τετα·
1154 4132 1260 4194 iudices,
1270 4134 1289 4182 si
1299 4134 1353 4195 quis
1363 4147 1461 4197 aequum
1475 4149 1525 4185 esse
1535 4138 1658 4198 putaverit
1666 4150 1723 4186 eum
1735 4137 1872 4189 timiditatis
1879 4153 1933 4189 eon·

333 4212 424 4285 γμένος
441 4212 487 4279 τ’ής
502 4208 621 4286 δευτέρας
635 4207 756 4286 γίνηται,
768 4210 859 4266 τούτου
880 4209 926 4281 μὲν
944 4210 1039 4268 δειλίαν
1054 4234 1110 4269 κα·
1156 4225 1282 4286 damnare,
1303 4226 1359 4288 qui,
1377 4226 1546 4276 accedentibus
1564 4227 1686 4290 hostibus,
1708 4229 1733 4278 in
1752 4232 1833 4292 primo
1854 4232 1932 4281 ordine

333 4297 535 4376 ψηφίζεσθαι,
560 4294 604 4353 ἐὰν
619 4295 647 4351 δέ
660 4318 697 4360 tit
714 4297 739 4353 ἓν
758 4304 810 4361 τοῖς
825 4296 941 4362 ὁπλίταις
955 4297 1110 4373 τεταγμένος
1156 4318 1314 4378 constitutus,
1331 4333 1356 4367 se
1367 4320 1391 4367 iu
1403 4320 1534 4368 seeundum
1547 4320 1654 4368 ordinem
1668 4322 1833 4383 transtulerim
1847 4324 1867 4373 si
1883 4324 1933 4387 quis

334 4388 360 4441 ἐν
369 4393 421 4449 ³03<
432 4387 553 4441 ἱππεῦσιν
567 4384 700 4460 &wimiis
712 4382 794 4461 τούτῳ
806 4382 960 4460 συΥΥνώμθν
971 4384 1049 4463 ἕλω·
1064 4390 1108 4463 (¹2)
1155 4425 1213 4461 vero
1222 4413 1365 4462 mustilutus
1374 4414 1436 4461 inter
1445 4413 1535 4475 pedites
1548 4414 1687 4464 militaverit
1703 4417 1730 4464 in
1741 4418 1866 4480 equitatu,
1880 4431 1931 4469 een

335 4473 387 4531 Καὶ
399 4471 445 4548 μὲν
455 4470 500 4542 δή,
512 4460 533 4529 ὦ
545 4468 634 4548 ἀνδρες
645 4468 779 4539 δικασταί,
792 4474 907 4548 ἡγοῦμαι
919 4470 1029 4539 δικάζειν
1043 4476 1110 4548 ὑμᾶς

333 4563 361 4617 ού
376 4560 452 4634 μόνον
463 4561 513 4615 τῶν
526 4554 757 4634 ἐξαμαρτανόντων
768 4558 856 4627 ἕνεκα,
869 4559 927 4615 ἀλλ’
939 4557 981 4614 ἵνα
994 4558 1039 4615 καλ
1051 4559 1110 4626 τοὺς

333 4647 425 4711 σίλλους
438 4649 489 4702 τῶν
504 4644 688 4721 ἀκοσμούντων
698 4644 917 4723 σωρρσνεστέρους
929 4650 1028 4716 ποιῆτε.
1045 4646 1109 4705 'Eleu

292 4752 318 4789 ts
332 4734 380 4809 μὲν
393 4732 475 4791 τοίνυν
488 4732 545 4797 τοὺς
568 4734 685 4809 ἀγνιῗντας
704 4731 849 4805 κολάζητε,
869 4733 950 4799 οὐδεὶς
971 4732 1043 4790 ἔσται
1058 4738 1109 4791 τῶν

332 4821 418 4878 ἀλλων
434 4820 549 4898 βελτίων·
567 4820 647 4885 ὠδείς
661 4817 711 4898 γθρ
725 4819 822 4877 τίσεται
832 4819 875 4878 τὸν
891 4820 931 4899 ίιρ’
944 4824 1015 4896 ὑμῶν
1027 4844 1108 4878 κατα-

331 4908 497 4988 Ιμηρισθέντα·
512 4906 557 4964 tls
572 4904 598 4965 δὲ
612 4906 669 4972 τοὺς
684 4907 902 4987 ἐπιρανεστοίτους
916 4911 966 4965 τῶν
988 4906 1107 4988 ἐξαμαρ-

331 4996 458 5053 τανόντων
475 4998 640 5072 τιμωρῆσθε,
659 4994 755 5060 ποίντες
769 4992 921 5065 πεύσονται,
936 4993 1003 5052 ὥστε
1025 4996 1107 5075 τούτῳ

331 5082 524 5159 παραδείγματι
543 5082 673 5159 χρώμενοι
690 5082 804 5161 βελτίους
824 5082 926 5140 ἔσονται
947 5086 970 5140 οἱ
992 5085 1105 5143 πολῖται.

332 5172 377 5246 (m)
391 5172 420 5228 llt
434 5169 517 5226 τοίνυν
532 5169 621 5227 τούτου
636 5175 840 5250 καταψηφιεῖσθε
850 5215 858 5247 ,
868 5172 897 5227 οὐ
914 5168 990 5245 μόνον
1002 5173 1024 5228 σί
1037 5173 1063 5227 ἐν
1074 5176 1106 5249 τῇ

332 5256 404 5313 πόλει
416 5254 540 5325 εἴσονται,
554 5256 621 5313 ἀλλά
635 5257 680 5314 καὶ
694 5260 717 5313 οἱ
730 5256 867 5334 σύμμαχοι
879 5256 1047 5322 αἰσθήσονται
1061 5258 1103 5313 καί

332 5346 355 5400 οί
370 5344 488 5415 πολέμιοι
508 5340 660 5414 πεύσονται,
682 5344 726 5401 καλ
747 5344 889 5420 ἡγήσονται
910 5344 976 5402 πολύ
991 5344 1104 5409 πλείονος

292 5437 318 5476 ⁴⁰
332 5429 402 5497 ἀξίαν
413 5420 476 5487 εἶναι
488 5430 534 5498 τήν
546 5430 633 5503 πόλιν,
643 5430 687 5487 ε’διν
700 5433 792 5509 δρῶσιν
801 5429 843 5488 ἐπί
856 5434 906 5495 τοῖς
917 5429 1038 5494 τοιούτοις
1051 5433 1101 5487 τῶν

1155 4510 1223 4557 venia
1238 4507 1335 4569 dignum
1350 4521 1469 4560 censere..
1487 4509 1537 4571 (tt)
1548 4510 1622 4571 Atqui
1638 4510 1931 4574 praeadamitarum

1155 4601 1256 4650 arbitror
1266 4600 1356 4662 judicia
1368 4614 1479 4650 exercere
1493 4614 1542 4650 non
1551 4603 1630 4651 solnm
1643 4615 1728 4651 eorum
1738 4615 1811 4653 eausa
1821 4606 1863 4668 qui
1874 4605 1930 4656 dell·

1154 4696 1272 4756 querunt,
1286 4706 1369 4742 serum
1378 4693 1451 4742 etiem
1460 4696 1487 4741 ut
1496 4697 1589 4743 ceteros
1599 4694 1641 4755 qui
1657 4695 1744 4743 eontra
1755 4695 1816 4759 legis
1826 4697 1930 4760 prasesi-

1155 4791 1222 4849 ptnm
1232 4791 1317 4848 agunt,
1327 4787 1357 4836 ad
1371 4788 1512 4838 modestiam
1524 4790 1651 4836 resumtis.
1666 4788 1691 4838 Si
1701 4788 1775 4850 igitur
1783 4790 1930 4853 puniatisoir

1153 4894 1235 4931 seuros
1243 4882 1358 4943 homines,
1367 4885 1579 4931 mterorumnemo
1587 4880 1673 4931 exinde
1682 4882 1725 4931 fiet
1732 4885 1819 4933 melior
1827 4887 1929 4947 (penam

1153 4975 1217 5023 enlm
1232 4989 1303 5036 quam
1318 4976 1425 5037 irrogatis
1439 4974 1519 5024 nullus
1530 4973 1639 5033 audiun
1651 4973 1739 5035 quodsi
1755 4976 1780 5024 iu
1793 4975 1930 5026 chrisdmot

1152 5080 1260 5128 quosque
1271 5066 1461 5128 delinquentium
1473 5064 1684 5125 animadvertatis,
1696 5079 1725 5115 ea
1735 5066 1799 5115 sama
1810 5067 1842 5116 ad
1850 5079 1929 5116 munes

1152 5163 1294 5220 perventura
1303 5161 1353 5218 est,
1363 5159 1423 5208 adeo
1435 5162 1462 5207 ut
1475 5159 1552 5218 cives,
1562 5157 1678 5206 admoniti
1688 5159 1815 5222 exernplo,
1825 5158 1930 5208 meliores

1151 5251 1199 5300 sint
1212 5252 1312 5301 evasuri.
1346 5252 1395 5311 (ts)
1405 5252 1429 5301 Si
1439 5249 1593 5312 igiturlstum
1609 5247 1815 5310 condemnabitis,
1832 5261 1879 5298 non
1891 5259 1928 5296 εο·

1153 5346 1202 5393 lrrm
1213 5346 1278 5406 liqui
1292 5345 1422 5393 incivitate
1437 5346 1494 5392 sient
1506 5342 1651 5403 intelligent,
1669 5354 1756 5389 verum
1772 5344 1797 5390 et
1808 5340 1864 5390 socii
1875 5352 1927 5388 sen·

1151 5440 1223 5499 tient,
1242 5442 1266 5489 et
1285 5439 1365 5487 bootes
1385 5438 1499 5498 audient,
1515 5436 1649 5497 meliusque
1664 5434 1695 5484 de
1713 5439 1796 5484 nostra
1813 5431 1928 5497 repubbn
