4467 6542
332 726 387 780 25²
752 707 878 768 ΙΣΑΙΟΥ
899 708 923 767 0
945 705 1034 766 nuel
1054 704 1131 766 ἸῸΥ
1152 700 1303 762 Hippon·
1331 699 1493 761 ΚΑΗΡΟΥ.

332 845 485 925 ἐγγυηθεῖσα
501 841 559 900 οὐδὲ
572 840 746 910 συνοικήσασα
760 836 886 917 φαίνεται·
907 834 1062 914 σκεψώμεθα
1077 829 1103 890 δέ
1150 835 1924 900 [simpronianum.etconstsrejrmatiornmnenlnlumne·

332 933 377 990 καί
389 931 414 997 ἐξ
428 922 463 988 ὧν
477 928 508 985 ἄν
519 951 557 993 τις
570 925 734 994 ὑπονοήσειεν
746 922 838 1000 ἐγγύην
851 921 969 996 γενέσθαι
983 920 1102 989 τοιαύτης
1149 938 1259 987 sponsam
1270 924 1340 972 inisse
1353 937 1431 985 neque
1440 922 1594 972 cohabitasse.
1605 925 1696 971 Verum
1705 936 1749 986 ege
1762 924 1924 983 exstitimus,

332 1015 469 1094 γυναικός,
483 1017 506 1073 εἰ
519 1015 568 1092 ἄρα
581 1012 625 1070 καί
635 1016 672 1089 τῷ
683 1008 801 1089 ἡμετέρῳ
811 1008 870 1088 θείῳ
880 1005 993 1065 τοιοῦτόν
1006 1030 1030 1063 τι
1043 1028 1106 1081 συμ-
1150 1012 1212 1060 unde
1219 1011 1321 1073 suspicio
1332 1009 1499 1058 nsscntursreri
1509 1012 1589 1058 iernen
1597 1009 1703 1071 potuisse
1712 1009 1868 1071 utejusmotli
1875 1022 1924 1058 mu·

293 1120 320 1161 nn
334 1103 455 1173 ύέύηκεν.
499 1100 543 1177 (ιτ)
561 1098 631 1168 Ἧδη
650 1098 700 1175 γάρ
718 1120 783 1162 τινες
799 1097 850 1153 νέοι
871 1094 1001 1173 ἅνθρωποι
1018 1095 1105 1149 ἐπιθυ·
1151 1096 1468 1159 tierritedesponderetur,si
1475 1098 1557 1144 nostro
1566 1096 1788 1158 quoqneerunculo
1795 1096 1926 1159 contiginct

334 1190 463 1267 μήσαντες
474 1187 595 1246 τοιούτων
608 1187 748 1260 γυναικῶν,
761 1181 805 1241 καί
820 1184 937 1259 ἀκρατῶς
948 1179 1048 1258 ἔχοντες
1060 1182 1105 1234 αύ-
1151 1186 1196 1233 linc
1206 1186 1230 1233 in
1240 1198 1265 1233 re
1275 1184 1407 1232 humanum
1417 1182 1476 1245 quid
1486 1184 1544 1245 peti.
1556 1185 1604 1245 (17)
1614 1185 1665 1232 Usu
1676 1183 1741 1232 enirn
1754 1196 1923 1245 nonnunqum

332 1280 394 1348 τῶν,
418 1275 574 1344 ἐπείσθησαν
596 1274 640 1328 ὑπ’
660 1271 746 1336 ἀνοίας
772 1272 808 1334 είς
831 1266 923 1333 αύτούς
946 1267 1059 1324 τοιοῦτόν
1082 1289 1107 1322 τι
1151 1271 1517 1333 venitutsdolesccntes,quum
1526 1270 1610 1319 lelium
1620 1270 1749 1321 mulierum
1766 1284 1924 1321 emorecw·

332 1360 496 1438 ἐξαμαρτεῖν.
540 1359 622 1418 Πόθεν
637 1350 680 1414 olo
696 1356 727 1413 ἄν
742 1379 780 1421 τις
792 1354 948 1434 σαφέστερον
960 1352 1032 1431 γνοίη
1047 1351 1107 1430 περὶ
1152 1357 1925 1421 sissent,suiheudcompotesinsenissunedpeccendnrninsc

333 1447 439 1519 τούτων,
451 1445 469 1516 ἢ
483 1445 513 1503 ἐκ
526 1468 555 1503 τε
566 1448 617 1501 τῶν
634 1447 783 1521 μαρτυριῶν
798 1445 849 1500 τῶν
863 1440 961 1506 τούτοις
974 1462 1107 1517 μεμαρτυ-
1153 1447 1216 1508 ipsos
1224 1446 1432 1508 compellerentur.
1464 1444 1533 1494 Unde
1541 1446 1614 1507 igitur
1620 1445 1651 1494 de
1660 1445 1698 1494 his
1706 1445 1765 1507 quld
1777 1446 1925 1495 statuendum

334 1532 452 1612 ρημένων
467 1537 493 1591 ἐν
507 1535 539 1602 τῆ
554 1530 667 1612 προτέρη
682 1530 740 1606 δίκη
755 1529 801 1587 καί
815 1530 845 1586 ἐκ
862 1531 913 1586 τῶν
935 1526 1040 1585 εἰκότων
1058 1529 1109 1583 τῶν
1154 1534 1184 1581 sit
1193 1533 1281 1582 certius
1290 1532 1793 1594 intelligatur,qunmpnrtimeiestlmoniis
1803 1533 1829 1581 in
1838 1532 1926 1581 actione

333 1618 393 1699 περὶ
408 1619 469 1676 αύτθ
482 1618 511 1675 τὸ
522 1596 632 1729 πρᾶγμα
645 1614 819 1694 σκεψάμενος
839 1615 885 1690 (rs)
901 1613 1069 1686 Ἐνθυμεῖσθε
1083 1610 1109 1668 δέ
1154 1620 1268 1682 superiori
1277 1620 1363 1667 liorum
1375 1620 1400 1668 in
1409 1632 1480 1667 causa
1489 1618 1572 1679 dictis,
1582 1620 1710 1681 pertimeri
1720 1619 1925 1681 ludiciisprobnbi·

334 1704 381 1777 τήν
391 1704 520 1762 ἀναίδειαν
531 1728 567 1761 ων
574 1703 704 1780 λε’γουσιν.
746 1699 778 1759 Ὁ
789 1698 836 1777 μέν
845 1699 894 1779 γὰρ
905 1702 998 1776 ἐγγυᾶν
1007 1698 1109 1775 μέλλων
1155 1707 1217 1755 libus
1226 1720 1281 1768 quas
1295 1707 1346 1768 ipsa
1361 1719 1398 1755 res
1407 1705 1559 1768 suppeditet?
1570 1706 1620 1769 (lii)
1630 1709 1685 1755 Jam
1694 1709 1801 1769 spectate
1811 1706 1926 1771 impuden-

293 1813 321 1853 ευ
334 1792 369 1858 τίς
382 1791 425 1850 τὸν
437 1790 605 1870 τριτάλαντον
620 1780 699 1859 οἶκον,
712 1786 746 1853 ὥς
758 1810 839 1867 ρησι,
851 1787 897 1857 τήν
911 1786 1035 1860 ἀδελρήν,
1053 1787 1109 1843 δια·
1154 1794 1213 1842 liam
1225 1806 1373 1855 eorumquae
1388 1794 1550 1856 protulerunt.
1584 1792 1728 1843 uimdemns
1741 1794 1806 1843 eninr
1817 1796 1870 1844 niro
1882 1807 1925 1842 rem

333 1877 512 1958 τραπόμενος
531 1877 676 1945 τηλικαῦτα
696 1874 741 1933 ἐνα
762 1874 882 1954 μάρτυρα
905 1878 1025 1950 παρεῖναι
1040 1875 1110 1949 αύτῷ
1156 1877 1227 1924 trium
1237 1875 1383 1925 talentorum
1391 1875 1532 1937 possidenti,
1544 1876 1806 1938 utisit,desponsurus
1814 1890 1925 1937 sorores,

334 1964 479 2043 Πυρετίδην
502 1962 728 2041 προσεποιήσατο,
751 1962 797 2019 καί
822 1960 912 2019 τούτου
936 1959 1110 2038 ἐκμαρτυρίαν
1155 1963 1342 2011 comminiscitur
1355 1975 1430 2011 unum
1442 1960 1592 2011 solummodo
1609 1965 1709 2023 testem,
1727 1963 1876 2025 Pyretirlern‚
1888 1963 1925 2013 sibi

1798 699 1922 778 (ss-nl

334 2055 376 2111 tn'
388 2050 588 2129 ζχςίοητῇδίχῃ
601 2048 764 2130 παρέσχοντο
774 2040 852 2106 οὗτοι·
863 2048 894 2119 ἣν
909 2047 1053 2126 Πυρετίδης
1065 2049 1111 2103 οὐκ
1155 2052 1242 2113 praesto
1253 2050 1333 2099 luisse.
1365 2049 1523 2109 Ethujnsrei
1538 2048 1703 2098 tsstlmonium
1718 2049 1825 2099 absentis
1837 2050 1926 2099 nominc

335 2138 503 2197 ἀναδέδεκται
525 2139 625 2208 αὐτοῖς,
648 2136 705 2194 οὐδὲ
726 2136 849 2213 ὁμολογεῖ
868 2138 1034 2213 μαρτυρῆσαι
1054 2131 1110 2190 otii

336 2223 430 2284 είδίναι
445 2222 543 2282 τούτων
560 2223 651 2293 οἰληθές
663 2220 691 2281 δν
703 2221 784 2281 ούδέν.
827 2222 872 2299 (ιο)
886 2221 962 2298 Μέγα
976 2220 1002 2279 δέ
1014 2219 1111 2296 τεκμή·

337 2334 390 2392 ριον
408 2315 443 2377 ὡς
460 2314 606 2391 περιρανῶς
623 2312 705 2389 ψευδῆ
722 2308 769 2379 τήν
788 2307 932 2387 μαρτυρίαν
947 2300 1015 2366 οὗτοι
1031 2305 1112 2385 παρέ-

337 2419 432 2475 σχοντο
446 2396 551 2466 ταύτην·
563 2394 620 2453 ίστε
630 2394 681 2474 γάρ
699 2393 792 2459 πάντες
809 2397 843 2459 ὡς
857 2392 917 2451 όταν
931 2392 978 2470 μὲν
994 2394 1037 2451 ἐπὶ
1048 2417 1110 2472 προ·

338 2484 429 2553 δήλους
440 2482 544 2562 πράξεις
556 2480 646 2557 ίωμεν,
657 2481 686 2546 ἃς
696 2482 735 2538 δεῖ
748 2478 814 2556 μετδι
830 2480 967 2559 μαρτύρων
977 2480 1112 2557 γενέσθαι,

302 2569 395 2639 ηοτοθς
405 2569 576 2633 οἰκειοτάτους
588 2567 632 2626 καλ
646 2560 682 2633 οἷς
697 2568 728 2625 δν
739 2565 910 2645 τυγχάνωμεν
920 2565 1048 2645 χρώμενοι
1060 2567 1113 2643 μά-

337 2658 431 2731 λιστα,
443 2654 548 2720 τούτους
562 2652 780 2733 παραλαμόοίνειν
795 2652 920 2727 εἰώθαμεν
938 2654 980 2712 ἐπὶ
991 2653 1037 2720 τδις
1047 2653 1112 2732 πρά-

339 2740 389 2809 ξεις
405 2741 451 2808 τάς
462 2739 595 2811 τοιαύτας,
608 2744 658 2798 τῶν
669 2741 695 2798 δέ
706 2740 808 2809 ἀδήλων
823 2739 867 2797 καὶ
880 2739 997 2820 ἐξαίφνης
1008 2739 1112 2816 γινομέ-

338 2852 389 2886 νων
410 2827 467 2894 τοὺς
481 2826 673 2906 προστυχόντος
686 2826 790 2884 ἕκαστον
806 2825 938 2906 μάρτυρας
960 2826 1123 2901 ποιούμεθα.1

341 2916 389 2991 (το)
405 2915 458 2973 Καὶ
467 2915 510 2972 ἐπὶ
520 2912 567 2991 μέν
578 2921 635 2979 ταῖς
648 2913 800 2993 μαρτυρίαις
812 2916 900 2978 αὐτοῖς
911 2917 962 2979 τοῖς
971 2935 1115 2991 παραγενο·

340 3000 425 3077 μένοις
444 3002 545 3071 αὐτοῖς,
562 3000 646 3057 θποῖοί
663 3022 729 3065 τινες
749 2998 779 3056 δν
798 2989 863 3072 ὦσι,
880 3000 977 3065 τούτοις
1002 3000 1114 3077 μάρτυσι

314 3122 327 3161 5
339 3090 452 3166 χρῆσθαι
464 3086 604 3165 ἀναγκαῖόν
617 3088 687 3144 ἐστιν
701 3090 775 3160 ἡμῖν·
787 3085 860 3165 παρὰ
872 3085 899 3145 δέ
911 3090 962 3144 τῶν
981 3084 1114 3143 ἀσθενούν-

338 3197 390 3233 των
404 3174 421 3242 ἢ
434 3176 484 3231 τῶν
495 3174 638 3247 ἀποδημεῖν
651 3172 796 3247 μελλόντων
812 3172 873 3230 ύταν
885 3197 923 3238 τις
934 3173 1112 3252 ἐκμαρτυρίαν

339 3265 459 3330 ποιῆται,
478 3258 536 3324 τοὺς
558 3259 766 3325 ἐπιεικεστάτους
784 3262 834 3316 τῶν
856 3261 970 3317 πολιτῶν
990 3261 1035 3318 καὶ
1055 3261 1112 3327 τοὺς

340 3350 403 3422 ἡμῖν
410 3345 624 3425 γνωριμωτάτους
631 3344 739 3411 ἕκαστος
747 3350 822 3421 ἡμῶν
833 3349 979 3424 παρακαλεῖ
989 3347 1113 3423 μάλιστα,

340 3433 385 3491 καὶ
396 3434 425 3490 ού
440 3432 495 3507 μεθ’
511 3433 566 3497 ἑνός
577 3433 634 3489 οὖδέ
650 3433 716 3507 μετὰ
731 3432 808 3504 δυοῖν,
825 3436 870 3507 (τι)
885 3433 941 3490 ἀλλ’
952 3437 986 3498 ὡς
1001 3434 1031 3490 διν
1048 3434 1114 3509 μετδι

341 3519 469 3577 πλείστων
481 3518 615 3595 δυνώμεθα
624 3518 849 3597 τθςέκμαρτυρίας
857 3520 950 3585 πάντες
961 3520 1116 3598 ποιούμεθα,

340 3605 383 3663 ίνα
398 3610 434 3685 τῷ
444 3629 470 3663 τε
482 3606 706 3686 ἐκμαρτυρήσαντι
718 3606 754 3679 μή
766 3606 833 3677 ἐξείη
847 3605 952 3685 ὕστερον
966 3607 1063 3688 ἐξάρνῳ
1072 3632 1117 3685 γε-

342 3690 428 3749 νέσθαι
440 3690 485 3762 τήν
500 3693 654 3770 μαρτυρίαν,
672 3696 745 3768 ὑμεῖς
756 3717 783 3751 τε
801 3696 905 3759 πολλοῖς
919 3694 962 3752 καί
977 3697 1064 3759 καλοῖς
1076 3698 1119 3752 κοί·

304 3815 329 3853 lc
342 3784 430 3854 γαθοῖς
437 3784 518 3835 ταῦτα
529 3784 688 3856 μαρτυροῦσι
696 3779 840 3837 πιστεύοιτε
851 3783 961 3857 μᾶλλον.
1005 3783 1052 3856 (τε)
1066 3786 1116 3840 Ξε-

343 3866 435 3932 νοκλῆς
455 3863 538 3922 τοίνυν
552 3863 656 3933 Βήσαζε
673 3866 720 3943 μέν
739 3865 783 3923 ἰύιν
804 3868 839 3933 εἰς
858 3867 887 3924 τὸ
905 3868 1075 3947 ἐργαστήριον
1087 3870 1116 3925 τὸ

345 3948 471 4028 ἡμίτερον
487 3954 523 4016 εἰς
537 3949 568 4007 εδ
581 3950 659 4029 ἔργα,
674 3954 724 4031 οὐχ
736 3953 856 4030 ήγήσατο
871 3956 922 4011 δεῖν
939 3959 992 4019 τοῖς
1006 3956 1058 4012 ἀπὸ
1073 3960 1117 4011 τοῖν

347 4038 494 4112 αύτομάτου
514 4042 566 4096 ἐκεῖ
578 4041 712 4116 ἐντυχοῦσι
731 4042 843 4121 μάρτυσι
866 4047 978 4120 χρῆσθαι
993 4044 1052 4120 περὶ
1072 4049 1117 4113 τῆς

347 4122 489 4200 ἐξαγωγῆς,
500 4124 556 4180 ἀλλ’
568 4117 629 4194 ήκεν
640 4126 705 4204 ἔχων
714 4128 810 4185 ἐνθένδε
822 4127 962 4208 Διόραντον
974 4129 1015 4187 τδν
1029 4132 1117 4210 Σρήτ-

345 4230 399 4265 τιον
412 4210 466 4282 μεθ’
481 4211 588 4280 ἑαυτοῦ,
604 4210 630 4275 ὃς
644 4211 715 4287 ἔλεγε
726 4211 773 4282 τήν
790 4212 862 4281 δίκην
877 4214 941 4292 ὑπὲρ
955 4215 1058 4289 τούτου,
1072 4218 1117 4274 καί

346 4294 479 4372 Δωρόθεον
488 4293 531 4351 τὸν
543 4294 700 4353 Ἐλευσίνιον
710 4298 754 4355 καί
766 4299 809 4355 τὸν
822 4300 930 4377 ἀδελρδν
943 4304 1021 4358 αὐτοῦ
1033 4305 1116 4361 Φιλο·

347 4380 417 4457 χάρη
439 4379 484 4437 καί
505 4381 598 4446 ἅλλους
618 4382 727 4448 πολλοὺς
748 4384 894 4463 μάρτυρας,
914 4389 1118 4463 παρακεκληκὼς

310 4488 332 4528 rs
348 4468 445 4524 ἐνθένδε
460 4469 577 4533 σταδίους
590 4468 662 4544 ἐγγὺς
676 4471 835 4549 τριακοσίους
850 4474 941 4528 ἐκεῖσε·
959 4480 1004 4547 (sal
1020 4475 1077 4550 περὶ
1091 4474 1117 4531 δὲ

346 4558 391 4621 τῆς
410 4553 501 4631 ἐγγύης
521 4560 565 4624 τῆς
586 4554 664 4625 τήθης
684 4560 734 4613 τῶν
754 4559 851 4614 παίδοιν
871 4562 921 4615 τῶν
936 4562 1025 4616 ἑαυτοῦ
1039 4564 1064 4617 ἐν
1083 4566 1119 4639 τῷ

348 4640 420 4697 ἄστει
438 4639 611 4718 ἐκμαρτυρίαν
628 4641 678 4718 (ὥς
693 4646 772 4721 ρησι)
788 4644 937 4718 ποιούμενος
952 4649 1000 4701 τῶν
1019 4647 1064 4721 μὲν
1083 4650 1119 4704 οῖ·

347 4726 423 4783 κείων
449 4728 538 4785 ούδίνα
563 4731 613 4784 τῶν
637 4733 728 4787 ἑαυτοῦ
754 4729 960 4809 παρακεκληκὼς
986 4734 1118 4810 φαίνεται,

250 4813 252 4816 ’
347 4812 479 4871 Διονύσιον
493 4814 520 4872 δέ
537 4814 644 4894 Ἑρχιέα
660 4816 705 4874 καί
722 4816 899 4895 Ἀριστόλοχον
914 4818 956 4876 τὸν
968 4821 1117 4892 Αἰθαλίδην·

349 4899 415 4971 μετά
427 4901 494 4956 δυοῖν
510 4900 608 4958 τούτοιν
622 4904 648 4958 ἐν
660 4906 696 4980 τῷ
709 4902 782 4960 ἄστει
794 4906 871 4961 αὐτοῦ
888 4903 933 4973 τήν
947 4907 1119 4984 ἐκμαρτυρίαν

348 4985 505 5055 ποιήσασθαί
513 5010 589 5066 ρασιν
600 4979 676 5046 οθτοι.
684 4992 799 5048 Τοιαῦτα
812 4992 858 5066 μέν
867 4989 899 5048 τά
907 4991 1011 5049 τούτων·
1021 4987 1055 5058 οἷς
1067 4994 1120 5050 οὐδ’

351 5069 382 5125 διν
401 5070 461 5148 περί
470 5076 572 5130 ὁτουοῦν
585 5074 743 5133 πιστεύσειεν
757 5077 836 5136 ἄλλου
853 5079 940 5144 οὐδείς.
984 5081 1028 5155 (τι)
1043 5080 1120 5145 Ἰσως

311 5174 336 5213 ευ
350 5148 442 5239 γὰρήν
470 5158 501 5228 νή
524 5160 574 5219 Δία
597 5163 725 5241 πάρεργον
747 5166 791 5221 καὶ
811 5168 919 5243 φαῦλον,
940 5168 998 5244 περὶ
1022 5158 1051 5223 ού
1074 5169 1120 5236 τήν

348 5242 521 5320 ἐκμαρτυρίαν
532 5245 604 5323 παρὰ
617 5253 661 5304 τοῦ
676 5250 815 5327 ΙΙυρετίδου
828 5252 891 5330 psci
910 5251 1066 5320 ποιήσασθαι
1077 5244 1120 5310 ού-

350 5348 400 5397 τοι,
411 5324 477 5384 ὥστε
487 5329 558 5386 οὐδέν
569 5334 716 5407 θαυμαστὸν
727 5338 914 5415 δλιγωρηθῆναι
924 5330 955 5407 ήν
963 5338 992 5395 τὸ
1001 5347 1120 5416 πρᾶγμα.

353 5413 405 5473 Καί
417 5417 486 5485 σῶος
496 5414 562 5474 ὥστε
571 5419 630 5498 περὶ
642 5422 720 5478 αὐτοῦ
729 5423 819 5481 τούτου
830 5430 843 5483 ύ
856 5424 924 5492 ἀγὼν
935 5417 964 5495 ἦν
975 5430 988 5482 ύ
1000 5429 1050 5483 τῶν
1060 5430 1118 5504 qen·

1156 2137 1271 2199 scripturn
1288 2138 1432 2201 exhibuere3
1444 2138 1509 2200 quod
1526 2139 1575 2201 ipse
1587 2138 1709 2200 Pyretirles
1727 2140 1849 2202 suscipere
1864 2154 1925 2189 recu·

1156 2227 1206 2285 sai,
1230 2232 1347 2287 negatque
1372 2226 1417 2274 sibi
1442 2229 1549 2275 constare
1576 2226 1663 2274 horum
1691 2227 1824 2288 quicquam
1849 2240 1925 2276 rernm

1156 2325 1214 2362 essc-
1248 2314 1298 2373 (19)
1309 2313 1466 2361 Luculentum
1477 2325 1520 2374 ego
1529 2325 1587 2361 vero
1595 2312 1664 2362 edem
1676 2312 1926 2374 documentumnnie

1157 2401 1249 2448 constet
1257 2400 1421 2449 testimonium
1430 2400 1476 2448 hoc
1487 2401 1612 2449 manifesto
1626 2404 1772 2450 ementitum
1781 2414 1833 2451 esse
1844 2421 1851 2450 ε
1862 2401 1927 2449 nostis

1156 2488 1220 2537 eninr
1234 2502 1277 2537 ros
1289 2501 1472 2551 οιιιιιωηκγυυιτι
1487 2501 1525 2537 res
1537 2490 1650 2551 praevisus
1666 2491 1826 2553 suscipiemus
1843 2490 1922 2550 quilius

1157 2578 1229 2624 testes
1240 2576 1322 2624 edesse
1331 2576 1432 2637 debent,
1448 2579 1500 2624 tum
1511 2576 1588 2625 solere
1597 2590 1642 2625 nos
1650 2576 1771 2627 advocare
1787 2577 1926 2639 propinquis·

1157 2665 1231 2713 simos
1250 2676 1338 2724 eosque
1354 2663 1442 2725 quibus
1460 2665 1557 2712 utamur
1570 2677 1643 2726 quern
1659 2665 1857 2725 familiarissime;
1872 2663 1926 2713 subi·

1159 2753 1323 2798 tarumautom
1331 2763 1419 2811 rerum,
1428 2751 1846 2812 qusrumevcntumpraescirenemo
1854 2750 1925 2813 possit,

1158 2840 1229 2887 tostos
1238 2837 1368 2899 producere
1381 2851 1422 2887 eos
1436 2838 1476 2899 qui
1493 2838 1592 2886 fortuito
1603 2838 1637 2886 rei
1647 2839 1816 2887 interfuerunt.
1849 2840 1892 2898 (τυ
1903 2840 1926 2885 ln

1159 2925 1214 2986 ipsis
1224 2925 1380 2985 testimoniis,
1393 2924 1435 2973 ubi
1447 2927 1520 2973 testes
1531 2924 1555 2972 in
1565 2924 1673 2986 indicum
1687 2928 1843 2987 conspectum
1852 2923 1927 2986 produ·

1159 3011 1252 3070 cimus,
1264 3012 1341 3059 lacere
1357 3024 1405 3059 non
1421 3024 1546 3073 possumus
1564 3012 1622 3073 quin
1638 3015 1768 3072 presentes
1784 3014 1870 3074 tutes,
1883 3012 1926 3075 qni·

1160 3111 1255 3159 cunque
1262 3097 1358 3146 tandem
1368 3099 1438 3159 sunt,
1448 3097 1608 3159 producamus
1613 3098 1665 3159 ;sin
1671 3111 1730 3147 vcro
1737 3099 1924 3164 ahsentinmpro-

1160 3187 1214 3246 pter
1224 3184 1336 3233 morbum
1347 3184 1385 3232 sel
1396 3185 1442 3233 iter
1448 3185 1589 3234 testimoniis
1598 3185 1633 3233 uti
1645 3185 1732 3247 uliquis
1740 3186 1816 3249 velit,
1826 3191 1927 3252 tumopc·

1161 3286 1212 3320 ram
1230 3272 1316 3320 demus
1333 3274 1361 3320 nt
1386 3271 1475 3320 civium
1499 3272 1678 3334 probatissimos
1696 3286 1808 3336 quosque
1824 3276 1926 3338 rob'nquc

1161 3360 1295 3407 notissimos
1304 3358 1472 3419 nrllribeernus,
1484 3360 1533 3418 (ει)
1543 3372 1621 3421 neque
1631 3372 1680 3407 uno
1690 3361 1751 3409 teste
1759 3361 1881 3412 duobusne
1891 3362 1925 3411 de·

1162 3445 1291 3505 fungimur,
1310 3445 1351 3494 sed
1367 3446 1557 3507 quamplurimos
1568 3459 1736 3508 cormgmm,
1749 3462 1799 3510 quo
1810 3452 1834 3498 et
1847 3440 1926 3498 suctnri

1162 3532 1289 3581 testimonii
1301 3532 1453 3594 postmodum
1464 3535 1574 3593 nspnlum
1585 3533 1616 3581 sit
1626 3546 1640 3581 ιι
1652 3547 1677 3581 sc
1686 3534 1775 3596 scripte
1789 3549 1869 3585 rursus
1884 3534 1926 3583 inl·

1162 3618 1926 3681 tisri,einosfidemhocproniptiuslmbentisquotestcsstnumero

1163 3707 1242 3766 plnres
1253 3708 1276 3754 et
1294 3707 1356 3754 lnmn
1370 3710 1444 3767 elque
1455 3705 1567 3767 dipmitnle
1578 3706 1687 3754 meliores
1696 3707 1752 3755 sint.
1766 3707 1815 3766 (22¹
1824 3707 1927 3757 xenocto

1164 3794 1259 3855 quidem
1268 3793 1309 3840 nbi
1320 3796 1401 3842 lissam
1411 3793 1530 3854 profisius
1545 3793 1626 3841 estad
1641 3793 1763 3842 officinam
1778 3795 1925 3853 metallicam,

1163 3891 1217 3938 quae
1227 3878 1259 3926 ilii
1269 3878 1336 3925 notris
1347 3880 1405 3926 esta
1418 3878 1508 3939 Pyrrho
1517 3878 1611 3937 relicte,
1624 3878 1706 3926 uxoris
1715 3879 1812 3929 nominc
1824 3879 1926 3929 inriden-

1163 3964 1232 4025 dam,
1251 3978 1298 4012 non
1315 3965 1468 4013 existimabat
1483 3967 1592 4026 oportere
1604 3978 1629 4013 se
1638 3966 1741 4013 testibus
1753 3966 1885 4016 educimus
1898 3963 1926 4015 νύ

1163 4066 1223 4113 qnos
1235 4053 1282 4100 lons
1292 4055 1351 4100 esset
1361 4052 1499 4113 obJecturs,
1513 4051 1554 4099 sed
1571 4052 1595 4100 in
1607 4052 1669 4100 viem
1679 4065 1705 4101 sc
1716 4052 1792 4102 dabui
1801 4054 1888 4103 hahens
1897 4065 1926 4102 ιο·

1163 4153 1218 4187 cum
1236 4140 1396 4201 Dioplmnium
1408 4139 1558 4201 spinolium,
1570 4139 1673 4187 eundern
1683 4140 1725 4200 qni
1736 4140 1880 4190 Xenoclisln
1893 4152 1926 4189 sn·

1163 4227 1254 4287 periore
1272 4226 1365 4274 actione
1385 4228 1501 4287 patronus
1516 4226 1574 4284 luit,
1587 4228 1610 4274 et
1627 4227 1779 4275 Dorotheum
1793 4225 1926 4277 Eleusinion

1163 4313 1308 4374 fratremque
1320 4326 1392 4361 suum
1410 4312 1572 4361 Philocnarem
1586 4312 1724 4374 multosque
1738 4314 1799 4364 ulios
1807 4314 1838 4364 ed
1848 4316 1926 4364 tene

1163 4400 1220 4448 rlnnr
1230 4404 1385 4458 convocatos,
1394 4413 1454 4460 qnos
1463 4400 1518 4447 irinc
1527 4399 1583 4447 illuc
1594 4400 1926 4463 pnmuxitxenoctespens

1164 4492 1232 4535 centa
1240 4489 1287 4535 lere
1297 4488 1372 4535 stadia
1382 4507 1387 4535 :
1400 4488 1449 4547 (2³)
1459 4500 1530 4547 super
1541 4487 1671 4535 olomtione
1678 4490 1761 4536 autcm
1771 4489 1926 4550 mulierisque

1164 4575 1243 4623 liberis
1252 4576 1300 4621 suis
1309 4575 1360 4620 ncin
1373 4575 1408 4622 ost
1417 4611 1423 4634 ,
1433 4587 1508 4635 quum
1517 4573 1540 4620 in
1551 4572 1609 4621 urbe
1620 4573 1664 4621 sibi
1673 4574 1726 4621 clari
1736 4579 1832 4625 cureret
1843 4571 1926 4624 extesti-

1164 4662 1283 4720 moninm,
1295 4661 1481 4709 necessariorum
1488 4673 1585 4707 suorum
1595 4660 1714 4708 neminem
1722 4660 1925 4723 adromsedepo

1164 4746 1284 4803 itenditur,
1296 4745 1338 4794 sed
1350 4744 1499 4794 solummodo
1517 4746 1654 4805 Dionysium
1670 4745 1826 4797 urchiemem
1842 4750 1865 4797 et
1879 4744 1924 4797 nri·

1163 4834 1297 4881 stolus-lium
1311 4832 1462 4880 AEllrnliclem.
1481 4834 1525 4881 Per
1535 4831 1579 4880 lios
1589 4832 1649 4880 sluos
1661 4834 1779 4882 Xenocles
1788 4835 1883 4897 ejusque
1895 4843 1925 4881 sc

1164 4921 1193 4967 cii
1205 4920 1244 4967 liic
1255 4921 1277 4967 in
1289 4920 1347 4968 rrrlic
1356 4920 1548 4969 extestimoniurn
1560 4918 1604 4967 sibi
1614 4931 1754 4980 procurasse
1765 4920 1855 4969 dicunt.
1885 4920 1925 4969 lin·

1162 5006 1266 5066 jusmodi
1285 5010 1340 5054 sunt
1358 5018 1441 5054 sorum
1453 5019 1544 5065 morcs;
1556 5005 1644 5067 quibus
1658 5018 1731 5054 nemo
1745 5006 1816 5055 facile
1827 5007 1873 5055 ullu
1889 5002 1925 5053 ιδ·

1165 5094 1188 5141 in
1210 5107 1236 5140 rc
1261 5094 1332 5141 iidem
1349 5093 1467 5142 adhibeat.
1502 5095 1550 5151 (24)
1570 5095 1600 5140 st
1616 5091 1795 5142 mediusfidius
1809 5094 1860 5142 lere
1878 5085 1925 5153 quit

1164 5184 1213 5230 erat
1223 5184 1294 5243 atque
1309 5181 1417 5230 lrivrlum
1431 5181 1469 5242 ici,
1481 5185 1549 5240 cujus
1558 5192 1628 5228 censa
1637 5180 1834 5230 extestimonlnm
1845 5182 1925 5239 attyro

1163 5269 1213 5317 tide
1232 5269 1254 5315 lii
1270 5269 1412 5330 poscebant,
1425 5270 1451 5316 ut
1465 5266 1602 5316 mirandum
1620 5265 1654 5314 nil
1671 5267 1702 5315 sit
1715 5267 1745 5315 ab
1760 5280 1789 5316 eo
1807 5279 1855 5315 rem
1867 5265 1923 5315 istim

1164 5356 1230 5404 tnntn
1241 5369 1296 5404 cnm
1305 5356 1413 5405 socordia
1426 5359 1505 5404 actem
1514 5355 1580 5403 esse?
1611 5354 1685 5415 Atqui
1697 5353 1757 5403 levis
1772 5353 1825 5403 lroec
1834 5349 1924 5411 rcnqnl»

1165 5456 1259 5506 quaiso,
1272 5444 1317 5493 crit
1327 5445 1363 5504 ei,
1373 5444 1410 5491 cui
1422 5444 1444 5491 in
1456 5443 1500 5491 linc
1514 5442 1563 5504 ipso
1574 5442 1710 5492 verteretur
1720 5440 1794 5492 carno
1804 5430 1924 5490 muni
