4467 6542
367 681 405 731 σθ
800 665 1063 724 apposituro
1084 664 1176 724 ΠΕΡΙ
1197 665 1272 725 ΤΩΝ
1295 664 1527 724 θΙΪΣΤίίίἸΩΝ.

363 798 488 879 πρότερον
509 794 704 874 γεγενημένων,
729 795 786 852 τίνα
808 792 900 859 αὐτοὺς
921 793 1004 850 οἴεσθε
1026 792 1134 871 γνώμην

363 887 428 954 έξειν
442 885 501 964 περί
520 888 591 963 σρῶν
613 884 711 952 αὐτῶνς
732 879 749 950 ἢ
766 879 823 938 τίνα
847 882 930 936 αὐτῶν
953 879 1081 950 ἐθελήσειν
1101 884 1136 947 είς

364 976 466 1050 ἀγῶνας
480 971 651 1029 καθίστασθαι
665 968 739 1026 ένεκα
748 971 799 1024 τῶν
807 968 930 1046 πρότερον
945 967 1135 1045 γεγενημένων,

326 1081 349 1119 ιο
362 1061 521 1141 ρανησονται
534 1058 584 1137 γδιρ
597 1055 687 1115 πολλοὶ
699 1054 746 1130 μέν
755 1050 851 1133 ε’γθροί,
862 1055 953 1112 πολλοί
964 1054 991 1112 δέ
1001 1057 1131 1135 συκοροίν-

362 1170 420 1224 ται,
434 1146 458 1204 οί
472 1143 677 1213 καταστήσουσιν
691 1144 774 1199 αὐτῶν
784 1140 892 1198 ἕκαστον
903 1143 938 1209 είς
953 1144 1051 1217 ἀγῶνα.
1073 1145 1134 1220 (ros)

361 1230 476 1294 Ἧκουσι
489 1234 516 1290 δὲ
527 1231 581 1288 νυνί
592 1226 778 1308 ἀκροασόμενοι
789 1227 943 1307 ἀμρότεροι,
956 1231 985 1286 οὔ
996 1226 1043 1299 τὴν
1054 1230 1135 1300 αὐτὴν

361 1321 469 1400 γνώμην
479 1319 580 1397 ἔχοντες
591 1315 725 1387 ἀλλήλοις,
740 1314 796 1372 ἀλλ’
810 1318 834 1372 οἱ
849 1316 895 1391 μὲν
910 1314 1036 1391 εἰσόμενοι
1046 1319 1068 1374 εί
1081 1318 1133 1396 χρὴ

361 1406 491 1465 πιστεύειν
505 1406 556 1471 τοῖς
567 1404 652 1480 νόμοις
665 1403 717 1468 τοῖς
730 1401 855 1477 κειμένοις
868 1402 978 1468 καὶτοῖς
991 1401 1075 1482 ὅρκοις
1092 1404 1134 1471 οθς

361 1493 481 1570 ὠμόσατε
495 1489 631 1565 ἀλλήλοις,
646 1491 670 1545 οἱ
680 1488 707 1545 δέ
724 1485 931 1565 ἀποπειρώμενοι
943 1492 987 1558 τῆς
1007 1488 1133 1569 ὑμετέρας

360 1581 482 1657 γνώμης,
513 1580 536 1636 εί
559 1577 644 1641 αὐτοῖς
668 1574 769 1643 ἐξέσται
795 1576 874 1639 ἀδεῶς
900 1579 1068 1654 συκοφαντεῖν
1088 1576 1133 1634 καί

360 1667 517 1747 γράρεσθαι,
549 1662 607 1728 τοὺς
634 1662 660 1720 δὲ
684 1658 857 1733 ἐνδεικνύναι,
882 1659 940 1728 τούς
964 1662 991 1719 δὲ
1014 1661 1132 1739 ἀπάγειν.

323 1780 345 1817 rs
359 1754 450 1820 Ούτως
464 1747 508 1811 οὖν
522 1739 628 1829 έχει,ῶ
645 1748 740 1829 ἄνδρες·
754 1752 767 1805 ό
784 1747 831 1825 μὲν
847 1745 917 1825 ἀγὼν
933 1752 959 1807 ἐν
973 1752 1010 1829 τῷ
1030 1748 1133 1826 σώματι

358 1844 396 1920 τῶ
415 1843 471 1919 ἐμῷ
484 1837 661 1912 καθέστηκεν,
676 1839 693 1906 ἡ
708 1834 734 1893 δὲ
749 1837 831 1915 ψῆφος
849 1839 866 1906 ἡ
887 1834 998 1916 ὑμετέρα
1019 1836 1132 1912 δημοσία

358 1929 454 2008 κρινεῖ,
464 1924 571 2005 πότερον
580 1923 633 2003 χρὴ
644 1924 696 1989 τοῖς
706 1922 794 1998 νόμοις
801 1923 852 1989 τοῖς
859 1923 991 2001 ὑμετέροις
1002 1925 1132 1982 πιστεύειν

358 2014 376 2086 δ
388 2013 446 2080 τοὺς
459 2013 621 2095 συκοράντας
630 2009 888 2091 παρασκευάζεσθαι,
903 2008 920 2081 ἢ
932 2009 1032 2090 ρεύγειν
1042 2012 1134 2081 αὐτοὺς

358 2104 388 2161 έκ
402 2106 447 2172 τῆς
458 2101 556 2165 πόλεως
567 2099 613 2157 καὶ
628 2097 732 2155 ἀπιέναι
744 2101 779 2162 ὡς
788 2096 907 2175 τάχιστα.

399 2208 446 2249 too.
468 2186 528 2247 Ἵνα
544 2186 571 2245 δέ
592 2186 690 2263 εἰδῆτε,
708 2176 730 2242 ῶ
753 2184 856 2264 ἄνδρες,
869 2183 908 2240 ότι
922 2182 954 2241 τὰ
967 2179 1130 2257 πεποιημένα

356 2278 418 2353 ὑμῖν
435 2278 469 2341 είς
484 2274 604 2351 ὁμόνοιαν
616 2273 645 2330 ού
660 2275 746 2337 κακῶς
760 2270 827 2348 ἔχει,
840 2270 907 2328 ἀλλὰ
921 2269 953 2327 ad
967 2269 1131 2350 προσήκοντα

356 2362 402 2421 καὶ
423 2361 456 2420 τὰ
480 2360 643 2440 συμρέροντα
665 2359 724 2434 ύμῖν
745 2359 830 2423 αὐτοῖς
852 2356 1009 2432 ἐποιήσατε,
1030 2355 1133 2435 βραχέα

319 2478 346 2511 ιιι
360 2450 488 2528 βούλομαι
501 2448 546 2506 καί
558 2446 725 2527 περὶτούτων
739 2447 828 2502 εἰπεῖν.
870 2447 905 2503 Οἱ
922 2442 972 2522 γδρ
983 2443 1092 2523 πατέρες
1110 2446 1134 2500 οἱ

358 2537 477 2616 ὑμέτεροι
494 2534 638 2613 γενομένων
658 2537 691 2611 τῇ
715 2531 789 2590 πολει
802 2533 889 2588 κακῶν
908 2530 1040 2607 μεγάλων,
1056 2528 1099 2588 ότε
1110 2532 1134 2587 οἱ

357 2624 477 2706 τύραννοι
488 2622 536 2697 μέν
547 2613 617 2699 εἶχον
629 2620 676 2692 τὴν
689 2620 774 2690 πολιν,
786 2622 800 2676 δ
813 2615 841 2675 δέ
859 2619 939 2693 δῆμος
955 2618 1045 2695 έρνγε,
1059 2615 1134 2688 νική-

356 2734 447 2776 σαντες
478 2713 622 2788 μαχόμενοι
652 2708 710 2772 τοὺς
736 2705 874 2783 τυράννους
903 2705 946 2762 έπί
979 2702 1135 2782 Παλληνίῳ,

357 2803 561 2878 στρατηγοῦντος
573 2795 708 2874 Λεωγόρου
721 2798 767 2851 τοῦ
781 2791 940 2871 προπάππου
953 2796 997 2849 τοῦ
1017 2793 1078 2867 ἐμοῦ
1091 2790 1135 2847 καί

358 2886 459 2966 Χαρίου
469 2875 498 2942 ού
508 2887 601 2948 ἐκεῖνος
612 2882 658 2950 τὴν
669 2880 797 2960 θυγατέρα
810 2871 889 2957 εἶχεν,
900 2878 925 2946 ἐξ
939 2871 970 2949 ἧς
983 2882 997 2935 θ
1011 2877 1136 2956 ἡμέτερος

355 2967 387 3046 ἦν
400 2973 514 3041 πάππος,
527 2971 692 3034 κατελθόντες
706 2971 740 3034 εἰς
754 2966 800 3037 τὴν
817 2967 929 3046 πατρίδα
938 2965 994 3031 τούς
1009 2965 1056 3042 μὲν
1071 2965 1134 3023 ἀπέ·

319 3087 345 3122 ν’»
356 3084 466 3131 κτειναν,
476 3063 526 3117 τῶν
539 3058 566 3116 δέ
577 3057 660 3138 ρυγην
671 3055 847 3133 κατέγνωσαν,
863 3052 920 3120 τοὺς
932 3053 959 3111 δέ
970 3052 1054 3129 μένειν
1067 3056 1092 3110 έν
1103 3057 1135 3131 τῇ

355 3149 429 3207 πόλει
454 3147 574 3213 ἐάσαντες
596 3144 739 3221 ἠτίμωσαν.
783 3142 839 3219 (107)
860 3140 988 3221 Ὕστερον
1010 3141 1037 3199 δέ
1059 3142 1136 3212 ἡνίκα

357 3233 477 3313 βασιλεύς
489 3233 691 3311 ἐπεστράτευσεν
706 3229 749 3289 ἐπί
761 3227 808 3300 τὴν
820 3227 954 3301 Ἑλλάδα,
969 3226 1070 3307 γνόντες
1084 3233 1135 3287 τῶν

356 3325 493 3401 συμρορῶν
501 3324 552 3377 τῶν
562 3323 687 3377 ἐπιουσῶν
694 3318 723 3377 τό
733 3317 839 3398 μέγεθος
848 3316 892 3374 καί
904 3315 950 3387 τὴν
966 3316 1135 3395 παρασκευὴν

354 3416 398 3469 τοῦ
411 3406 549 3487 βασιλέως,
560 3406 674 3483 ἔγνωσαν
685 3406 742 3471 τούς
753 3429 781 3463 τε
791 3404 931 3485 φεύγοντας
945 3403 1136 3471 καταδέξασθαι

357 3495 402 3553 καὶ
418 3494 477 3559 τούς
491 3493 597 3569 ἀτίμους
610 3491 744 3567 ἐπιτίμους
757 3496 867 3561 ποιῆσαι
880 3490 925 3549 καὶ
938 3491 1025 3560 κοινὴν
1044 3491 1091 3561 τήν
1107 3515 1134 3549 τε

355 3581 486 3660 σωτηρίαν
502 3578 617 3645 καὶτοὺς
630 3577 758 3643 κινδύνους
771 3578 941 3648 ποιήσασθαι.
986 3577 1136 3656 Πράξαντες

356 3669 384 3729 δί
402 3676 502 3738 ταῦτα,
517 3668 562 3727 καλ
576 3667 659 3733 δόντες
674 3667 795 3738 ἀλλήλοις
806 3666 905 3731 πίστεις
917 3666 961 3723 καί
975 3665 1066 3746 όρκους
1087 3689 1134 3742 με·

354 3760 462 3834 γάλους,
476 3756 562 3828 ἠξίουν
577 3764 641 3836 σρᾶς
653 3752 744 3819 αὐτούς
755 3752 927 3832 προτάξαντες
942 3751 991 3831 πρὸ
1004 3757 1055 3809 τῶν
1070 3752 1134 3812 ‘lll-

314 3865 340 3901 ao
355 3844 442 3914 λήνων
463 3843 585 3901 ἁπάντων
607 3846 756 3911 ἀπαντῆσαι
769 3841 820 3906 τοῖς
836 3839 977 3919 βαρύάροις
997 3842 1134 3917 Μαραθῶ-

354 3932 430 4002 νάδε,
445 3930 596 4006 νομίσαντες
617 3929 664 3998 πλν
685 3927 810 4006 σρετέραν
827 3930 911 3985 αὐτῶν
933 3927 1026 4007 ἀρετὴν
1042 3928 1134 3998 ίκανὴν

355 4009 466 4096 εἶναιτῷ
477 4018 570 4085 πλήθει
582 4019 619 4095 τῷ
630 4015 732 4072 ἐκείνων
743 4014 942 4081 ἀντιτάξασθαι·
953 4015 1134 4092 μαχεσάμενοί

354 4129 382 4164 τε
392 4104 491 4176 ἐνίκων,
504 4104 550 4161 καὶ
561 4103 607 4173 τήν
620 4126 647 4159 τε
656 4102 772 4161 Ἑλλάδα
783 4101 963 4179 ἠλευθέρωσαν
972 4102 1016 4159 καὶ
1027 4101 1073 4171 τὴν
1085 4125 1134 4159 πα·

355 4192 430 4271 τρίδα
445 4191 558 4249 ἔσωσαν.
601 4191 657 4266 (los)
670 4188 768 4267 Ἔργον
786 4188 813 4245 δὲ
830 4194 944 4246 τοιοῦτον
963 4188 1135 4267 ἐργασάμενοι

354 4281 401 4339 ούκ
420 4277 535 4349 ἠξίωσάν
551 4299 600 4334 τινι
620 4279 670 4333 τῶν
691 4276 813 4354 πρότερον
838 4275 981 4352 γενομένων
1002 4299 1130 4350 μνησικα-

354 4371 448 4435 κῆσαι·
489 4363 619 4442 τοιγάρτοι
632 4361 674 4419 ist
685 4368 767 4420 ταῦτα
781 4361 828 4432 τὴν
840 4361 915 4420 πολιν
929 4361 1072 4420 ἀνάστατον
1082 4386 1134 4420 πα-

315 4481 339 4518 rs
355 4452 510 4534 ραλαόόντες
521 4451 578 4529 ἱερά
592 4473 619 4508 τε
634 4447 850 4525 κατακεκαυμένα
864 4449 937 4529 τείχη
955 4450 1039 4507 τεκαὶ
1053 4451 1135 4517 οἰκίας

353 4538 602 4610 καταπεπτωκυίας,
615 4537 733 4617 ἀρορμήν
747 4560 774 4594 τε
787 4537 907 4611 ούδεμίαν
921 4536 1036 4616 ἔχοντες,
1047 4537 1089 4596 διδ
1101 4540 1132 4598 τὸ

354 4628 476 4699 ἀλλήλοις
489 4627 603 4703 ὁμονοεῖν
617 4624 664 4695 την
679 4623 763 4703 ἀρχὴν
777 4626 828 4680 τῶν
842 4622 976 4693 Ἑλλήνιον
992 4626 1133 4703 κατειργά-

353 4737 431 4773 σαντο
445 4715 489 4773 καλ
503 4713 551 4785 τὴν
565 4712 639 4771 πόλιν
653 4714 714 4787 ύμῖν
728 4710 848 4781 τοιαύτην
867 4710 911 4767 καί
925 4710 1052 4783 τοσαύτην
1073 4736 1130 4770 πα-

355 4803 472 4880 ρέδοσαν.
515 4799 573 4879 (ιον)
589 4798 681 4877 ’λ’μιῖς
698 4790 743 4857 ούν
760 4797 805 4857 καί
823 4797 895 4856 αὐτοί
916 4797 1029 4877 ὕστερον,
1045 4803 1133 4858 κακῶν

354 4892 399 4947 οθκ
425 4888 568 4947 ἐλαττόνων
594 4885 611 4958 ἢ
642 4886 746 4951 ἐκείνοις
772 4883 959 4962 γεγενημένων,
985 4884 1077 4961 ἀγαθοί
1107 4885 1133 4954 ἐξ

356 4979 459 5055 ἀγαθῶν
474 4975 545 5040 όντες
565 4974 675 5032 ἀπέδοτε
689 4972 736 5043 τὴν
753 4972 921 5050 ὑπάρχουσαν
935 4971 1038 5049 ἀρετήν·
1053 4971 1134 5041 ἠξιω-

315 5092 341 5126 ιιι
354 5086 417 5124 σατι
439 5061 490 5139 γδιρ
512 5061 570 5126 τούς
592 5085 619 5120 τε
640 5062 779 5142 ρεύγοντας
802 5057 991 5125 καταδέξασθαι
1008 5059 1053 5116 καί
1075 5058 1134 5125 τοὺς

355 5152 463 5229 ἀτίμους
483 5148 614 5223 ίπιτίμσυς
635 5153 753 5219 ποιῆσαι.
792 5147 828 5208 Τί
847 5136 890 5204 σύν
913 5150 972 5223 ύμῖν
993 5147 1134 5205 ὑπόλοιπόν

354 5244 409 5299 ἐστι
431 5241 477 5306 τῆς
497 5235 599 5293 ἐκείνων
615 5240 723 5313 ἀρετῆς
736 5237 773 5312 μὴ
786 5238 999 5312 μνησικακῆσαι,
1016 5235 1131 5310 εἰδότας,

354 5319 483 5404 ῶάνδρες,
494 5320 533 5380 ότι
547 5326 563 5391 ἡ
577 5320 650 5387 πόλις
661 5325 690 5380 ἐκ
701 5322 766 5382 πολύ
779 5323 912 5390 ἐλάττονος
925 5327 1043 5403 ἀρορμῆς
1055 5324 1080 5379 ἐν
1095 5326 1132 5402 τῷ

355 5414 498 5490 ἔμπροσθεν
512 5408 599 5489 χρόνῳ
613 5407 714 5485 μεγάλη
728 5408 773 5467 καί
788 5409 917 5487 εὐδαίμων
932 5408 1044 5488 ἐγένετο·
1059 5408 1075 5465 θ
1087 5413 1131 5466 νῦν

1831 666 1953 743 (ι’-ιθ

1180 815 1263 852 eorum
1274 802 1374 851 censetis
1386 802 1419 850 ob
1430 804 1525 851 vetusta
1538 801 1578 850 illa
1586 802 1649 850 lacu
1660 814 1776 851 ausurum
1791 802 1818 852 in
1828 804 1957 854 cennius

1181 897 1283 947 forensia
1295 895 1453 946 descendere?
1466 897 1536 947 ltulti
1548 897 1611 947 enim
1620 898 1645 946 in
1654 897 1718 961 ipsos
1727 897 1861 961 prodibunt
1870 900 1958 950 inimici

1180 995 1254 1054 atque
1262 990 1475 1053 quadruplatores,
1484 990 1527 1054 qui
1536 1003 1620 1041 comm
1633 1005 1834 1055 unumquemque
1844 994 1870 1043 ln
1881 996 1956 1045 oea·

1181 1103 1236 1139 men
1246 1090 1293 1138 sint
1303 1089 1442 1151 conjectari.
1474 1090 1540 1152 (tos)
1550 1090 1582 1141 rii
1592 1092 1643 1153 jam
1653 1103 1718 1140 nunc
1733 1089 1806 1140 ambo
1822 1091 1870 1141 boc
1880 1090 1911 1141 ad
1923 1091 1958 1155 ju·

1180 1183 1269 1234 dicium
1280 1188 1410 1246 venerunt,
1424 1187 1492 1236 alteri
1506 1185 1604 1249 quidem
1617 1189 1645 1236 ut
1656 1189 1822 1252 comperiant,
1836 1202 1898 1238 num
1907 1190 1959 1252 legi·

1180 1282 1226 1332 bus
1240 1282 1265 1331 in
1284 1296 1335 1346 rep.
1355 1283 1520 1333 obtinentibus
1541 1283 1646 1346 datoque
1663 1284 1817 1347 iuriiurando
1839 1285 1959 1336 confidem

1179 1381 1298 1443 debeant,
1309 1382 1379 1430 alteri
1388 1384 1469 1431 autem
1486 1382 1621 1444 periculum
1632 1383 1711 1433 lacere
1724 1386 1811 1434 solunt
1822 1388 1959 1435 vestrorum

1178 1481 1332 1542 animorum,
1348 1492 1407 1528 nurn
1426 1480 1520 1529 veniam
1542 1480 1587 1530 sibi
1605 1482 1657 1531 sitis
1672 1481 1752 1532 daturi
1770 1482 1871 1547 impune
1894 1484 1958 1533 calu·

1179 1582 1287 1632 muiandi
1296 1585 1320 1632 et
1330 1581 1451 1631 deserendi
1460 1583 1485 1631 et
1507 1581 1537 1630 ad
1550 1582 1726 1633 undecimviros
1740 1584 1801 1634 alios
1816 1584 1957 1635 abducendi.

1179 1682 1224 1729 Res
1236 1678 1270 1727 sic
1280 1691 1306 1727 se
1318 1677 1478 1739 lubet,siri:
1493 1679 1615 1727 certamen
1625 1678 1671 1727 hoc
1681 1678 1707 1727 in
1716 1691 1771 1730 mea
1780 1680 1879 1743 quidem
1890 1681 1959 1732 unius

1179 1796 1278 1847 persona
1292 1782 1416 1843 consistit,
1433 1782 1552 1844 judIoium
1562 1784 1642 1833 autern
1652 1785 1760 1834 veebum
1769 1786 1866 1848 publice
1874 1787 1957 1837 decer·

1122 1896 1127 1917 ¹
1178 1890 1228 1948 uct,
1237 1887 1353 1936 vestrisne
1362 1885 1454 1947 legibus
1462 1889 1571 1949 oporteat
1580 1898 1702 1949 quemque
1711 1885 1957 1950 mulieremque·

1178 1989 1328 2053 druplatores
1338 1989 1383 2038 sibi
1396 1989 1541 2052 adiungere,
1556 2001 1588 2038 an
1607 1988 1712 2052 deniqne
1726 2002 1758 2039 ex
1772 1990 1834 2041 urbe
1845 1991 1958 2042 excedere

1178 2095 1251 2155 atque
1259 2105 1285 2141 se
1291 2092 1413 2155 proripere
1422 2104 1496 2154 quam
1506 2091 1636 2141 celerrime.

1214 2186 1264 2231 tus.
1278 2183 1421 2237 Quoautem
1433 2180 1582 2243 intelligatis,
1595 2180 1654 2241 riri,
1664 2193 1755 2244 eaqun
1767 2179 1957 2234 adeoneordianr

1178 2267 1389 2316 constabiliendum
1402 2268 1490 2317 locatis
1502 2280 1550 2316 non
1566 2267 1632 2316 mala
1653 2279 1718 2329 esse,
1733 2268 1777 2317 sed
1789 2270 1958 2331 ρστσοατωσθε

1179 2357 1203 2406 ct
1212 2356 1279 2404 utilia
1290 2355 1360 2405 rebus
1368 2354 1466 2417 restris,
1477 2368 1553 2417 pauca
1565 2354 1676 2418 quiedam
1692 2356 1766 2405 etiam
1778 2356 1810 2405 de
1826 2357 1864 2406 bis
1879 2358 1957 2421 διφυ-

1180 2442 1246 2492 tabo.
1279 2442 1379 2503 liniores
1398 2443 1487 2502 rastri,
1512 2455 1565 2506 rep.
1583 2442 1674 2503 magnis
1692 2442 1762 2492 malls
1778 2442 1885 2506 afflicta,
1904 2444 1958 2494 Pisi·

1179 2528 1332 2580 stratidarnm
1348 2528 1498 2591 tyrannidem
1511 2529 1567 2591 tuga
1578 2527 1729 2591 devitarunt,
1742 2528 1828 2580 urbem
1845 2532 1959 2582 servitute

1180 2630 1317 2680 oppressam
1334 2616 1467 2665 tenentium
1483 2635 1489 2664 ε
1506 2616 1656 2664 concurritur
1667 2615 1697 2664 ad
1711 2616 1847 2666 Pallenium
1858 2633 1864 2666 :
1876 2618 1958 2681 praelio

1180 2704 1310 2752 vincuntur
1328 2703 1423 2765 tyranni
1437 2722 1442 2751 ι
1455 2706 1573 2765 Leugoras
1586 2704 1626 2751 art
1641 2704 1689 2753 mei
1705 2706 1773 2766 pater
1788 2707 1813 2754 et
1826 2718 1895 2755 socer
1907 2710 1959 2767 ejus

1181 2791 1279 2841 Charias
1291 2792 1370 2853 copias
1379 2794 1431 2839 tum
1444 2792 1536 2839 vestras
1548 2790 1681 2852 ducebant,
1691 2803 1747 2840 nam
1765 2804 1796 2841 ex
1810 2792 1886 2851 hujus
1894 2794 1958 2843 cba-

1180 2879 1222 2927 rioo
1237 2878 1286 2927 tilia
1295 2891 1361 2927 meus
1378 2890 1437 2925 avus
1450 2879 1521 2926 natus
1536 2878 1585 2938 est;
1604 2876 1655 2938 iam
1671 2877 1772 2927 domum
1785 2879 1960 2942 reversi,alios

1179 2966 1339 3025 sustulerunt,
1353 2965 1411 3013 alios
1423 2964 1557 3013 inexilium
1571 2966 1686 3026 egerunt,
1698 2967 1733 3025 et,
1748 2966 1769 3014 si
1788 2979 1852 3028 quos
1862 2968 1887 3015 in
1897 2967 1955 3016 urbe

1181 3063 1277 3102 manere
1285 3052 1401 3113 sinerent,
1416 3065 1457 3100 eos
1472 3052 1549 3114 capite
1557 3051 1704 3100 minuerunt.
1716 3052 1782 3114 (107)
1790 3055 1882 3102 verum
1898 3056 1959 3104 tenr-

1181 3153 1238 3202 pore
1251 3142 1313 3201 post,
1325 3152 1400 3200 quum
1409 3152 1452 3187 res
1466 3141 1591 3187 Persarum
1601 3138 1681 3199 copias
1692 3137 1794 3187 Grreciae
1804 3138 1960 3199 admoveret,

1181 3230 1307 3290 perspecta
1316 3225 1481 3275 calamitatum
1490 3225 1667 3275 imminentium
1678 3224 1845 3287 magnitudine
1853 3227 1961 3290 regisquo

1180 3316 1305 3377 apparato,
1317 3310 1476 3363 decreverunt
1491 3313 1575 3363 exules
1587 3312 1686 3361 domum
1705 3326 1821 3365 revocare
1836 3317 1961 3380 capitequo

1180 3402 1278 3450 minutis
1287 3402 1344 3462 iura
1358 3400 1437 3450 cicilia
1448 3399 1546 3450 reddere
1559 3400 1712 3462 salutemque
1727 3400 1827 3462 perinde
1835 3406 1910 3468 atque
1918 3417 1960 3467 pa·

1181 3489 1254 3537 ricula
1267 3501 1323 3537 cum
1334 3488 1446 3536 omnibus
1455 3487 1642 3537 communicare.
1675 3488 1771 3546 Quibus
1788 3488 1875 3554 tactis,
1887 3503 1961 3555 spon·

1180 3580 1275 3630 sianum
1290 3583 1430 3629 mutuarum
1446 3582 1470 3629 et
1479 3582 1684 3631 sacramentorum
1692 3581 1850 3643 religionibus
1860 3585 1923 3632 inter
1935 3596 1962 3634 sc

1179 3670 1276 3732 obligati
1290 3683 1362 3732 quam
1372 3668 1537 3731 sanctissimis,
1549 3669 1685 3731 audebant,
1697 3670 1721 3719 id
1731 3670 1833 3733 dignum
1841 3688 1868 3724 se
1877 3677 1962 3737 putan-

1179 3765 1229 3822 tm,
1245 3763 1346 3823 prrimarn
1365 3774 1483 3822 occupare
1500 3761 1589 3821 aciem,
1602 3761 1743 3824 cunctisque
1757 3776 1802 3826 pro
1813 3766 1906 3816 Graecis
1915 3766 1962 3815 ob·

1178 3855 1242 3916 jecto
1253 3853 1330 3915 capite
1339 3866 1398 3914 suo,
1409 3853 1516 3902 barbaris
1526 3853 1555 3901 ad
1567 3853 1729 3903 Marathonem
1739 3868 1884 3913 occurrere,
1896 3858 1962 3908 arbi·

1180 3947 1235 3995 trati
1251 3946 1364 3995 virtulem
1378 3959 1446 3995 suam
1459 3945 1498 3995 sel
1512 3947 1587 3995 solun
1603 3945 1713 3995 idoneam
1726 3960 1779 3997 csse
1794 3961 1850 4011 quae
1860 3949 1962 4000 isurun

1180 4038 1328 4087 multitudini
1339 4042 1500 4100 opponeretur
1514 4059 1520 4088 ι
1535 4039 1662 4088 commisso
1673 4038 1708 4088 sic
1717 4040 1816 4102 praelio,
1829 4041 1962 4091 Graecinu-

1179 4146 1227 4194 que
1239 4132 1371 4180 liberarunt
1383 4136 1407 4181 et
1421 4133 1522 4194 patriam
1532 4132 1639 4194 periculo
1649 4132 1800 4194 eripuerunt.
1834 4135 1902 4197 (tot)
1916 4139 1963 4186 Va·

1180 4237 1234 4273 rum
1244 4237 1315 4286 opere
1324 4226 1392 4273 tanto
1403 4224 1524 4284 defuncti,
1541 4223 1571 4272 de
1583 4223 1706 4273 sumendis
1718 4235 1733 4271 a
1747 4237 1873 4287 quoquam
1885 4226 1964 4289 pristi-

1179 4329 1265 4365 narum
1283 4316 1423 4376 injuriarum
1440 4315 1517 4376 pmnis
1532 4315 1563 4362 nil
1576 4313 1722 4376 cogitabant.
1755 4319 1811 4373 Quo
1820 4316 1914 4366 tactum
1927 4320 1963 4368 se

1179 4407 1331 4470 nt,quamris
1338 4407 1422 4455 urbem
1430 4404 1560 4455 desolatam
1567 4408 1754 4468 recuperassent,
1763 4406 1962 4470 lanacombusta,

1179 4500 1267 4549 moenia
1280 4497 1412 4560 domosque
1425 4498 1554 4559 collapsas,
1569 4498 1594 4547 et
1604 4498 1671 4547 omni
1680 4511 1754 4560 opum
1771 4498 1885 4561 prasidio
1894 4514 1963 4551 care·

1180 4593 1247 4650 rent,
1261 4592 1343 4639 umen
1363 4588 1490 4637 eoncordia
1505 4588 1603 4638 subnixi
1621 4588 1784 4652 principatum
1798 4593 1902 4642 Graeciae
1918 4593 1962 4642 arbi

1178 4683 1290 4748 pararent
1309 4682 1424 4743 robisqne
1442 4693 1516 4742 remp.
1537 4680 1611 4728 talem
1630 4693 1659 4728 ac
1676 4682 1770 4729 tantam
1789 4680 1961 4745 relinquerent.

1180 4772 1245 4834 (loo)
1257 4774 1305 4821 θοι
1317 4771 1359 4833 ipsi
1373 4784 1471 4833 quoque
1482 4769 1547 4819 baud
1557 4769 1650 4819 minora
1664 4770 1710 4819 illis
1727 4771 1885 4832 postmodnm
1898 4773 1963 4823 urata

1178 4865 1282 4928 experti,
1297 4878 1373 4926 qurum
1379 4865 1461 4913 essetis
1472 4865 1567 4913 tortese
1579 4862 1680 4911 fortibus
1694 4864 1762 4925 nati,
1774 4862 1893 4916 uirtutem
1901 4865 1961 4917 insi-

1105 4971 1111 4989 ι
1177 4960 1227 5006 tam
1248 4955 1407 5018 protulistis:
1427 4968 1524 5017 mquuru
1542 4954 1607 5003 enim
1622 4953 1761 5017 censuistis,
1785 4968 1831 5006 ros
1848 4958 1962 5010 exulibus

1178 5047 1294 5098 redeundi
1312 5048 1408 5096 reniam
1425 5046 1635 5108 detestatumque
1653 5046 1750 5096 civilem
1769 5049 1849 5110 capite
1861 5049 1963 5101 usuras

1177 5139 1285 5189 reddere.
1316 5143 1434 5196 Quaenam
1445 5138 1515 5199 igilur
1526 5136 1605 5186 adlruc
1615 5140 1722 5199 superest
1734 5139 1901 5200 parssirtutts
1912 5141 1963 5191 dlo-

1177 5246 1231 5281 rum
1241 5231 1309 5280 robis
1318 5231 1347 5278 ad
1363 5230 1504 5278 imitandum
1519 5229 1628 5291 reliqua?
1641 5230 1698 5277 llaec
1707 5241 1808 5291 ncrnpe,
1818 5232 1846 5278 ut
1861 5230 1962 5293 pristina

1177 5323 1218 5372 illa
1227 5321 1340 5371 oblivioni
1356 5321 1483 5382 mandetis,
1494 5321 1555 5369 bene
1565 5318 1641 5381 gnari,
1656 5331 1732 5381 remp.
1743 5331 1776 5369 ex
1789 5319 1870 5371 multo
1880 5321 1960 5372 τιθασ-

1177 5414 1242 5464 ribus
1258 5412 1332 5463 initiis
1346 5412 1404 5463 olim
1420 5424 1531 5476 magnam
1547 5410 1687 5463 esromae
1703 5410 1853 5462 lortrrnatam
1874 5411 1960 5478 :quod
