4467 6542
862 673 1114 733 ΑΝΤΙΦΩΝΤΟΣ
1135 673 1294 733 Talaum.
1318 678 1360 743 Α,
1387 677 1412 751 β.

344 802 467 880 φανερούς
481 805 656 872 καταστῆσαι·
668 799 738 876 ὅμως
753 800 780 857 δὲ
791 814 835 857 καί
849 805 923 861 τοῦτο
935 800 1119 878 ἐπιχειρητέον·

343 890 413 946 οὐδὲν
425 887 476 966 γὰρ
487 887 638 966 πικρότερον
652 889 697 956 τῆς
711 885 825 961 ἀνάγκης
838 885 918 944 ἔοικεν
935 878 1009 944 εἰναι.
1041 885 1119 964 'Epeo

343 975 370 1032 δί
382 977 501 1050 οὐδαμῶς
511 975 595 1040 ἀλλοις
606 973 721 1051 ἐλέγγειν
732 972 749 1041 ἦ
760 972 785 1039 ἐξ
794 964 830 1030 ῶν
840 972 898 1038 τοὺς
910 972 1003 1038 ἄλλους
1013 978 1027 1031 θ
1038 972 1120 1042 κατό-

343 1083 417 1140 γορος
431 1061 550 1118 ἀπολύων
561 1060 638 1118 αὐτὸν
647 1060 690 1118 τὸν
703 1059 812 1116 θάνατόν
823 1082 886 1139 ρησι
900 1058 1005 1135 μηνύειν
1017 1060 1063 1135 ἐμὲ
1075 1059 1120 1117 τὀν

344 1148 421 1227 ρονέα
435 1146 507 1207 όντα.
551 1150 584 1206 Ei
598 1146 648 1226 γδιρ
660 1146 756 1203 τούτων
769 1146 889 1203 ἀναιτίων
902 1145 1043 1205 δοκούντων
1054 1137 1119 1203 εἰναι

343 1237 370 1291 ἐν
380 1234 438 1310 ἐμοί
448 1233 578 1309 τάδίκημα
588 1242 721 1308 φανεῖται,
732 1232 829 1290 τούτων
841 1231 963 1291 ὑπόπτων
977 1233 1057 1291 ὄντοιν
1068 1231 1119 1309 ἐγὼ

344 1321 375 1379 ἀν
389 1322 493 1387 εἰκότως
507 1319 617 1394 καθαρός
632 1318 733 1390 δοκοίην
744 1310 822 1379 εἶναι.

293 1432 341 1480 m
382 1429 404 1468 ιι.
426 1404 505 1466 Ἔστι
519 1405 546 1464 δὲ
556 1410 602 1465 οὐκ
615 1406 734 1477 ἀπεικός,
746 1410 780 1472 ὡς
792 1398 862 1465 οθτοι
874 1406 962 1487 φασίν,
974 1403 1043 1462 ἀλλὰ
1054 1405 1120 1471 είκδς

343 1493 409 1574 ἀωρί
422 1497 473 1551 τῶν
489 1496 587 1552 νυκτῶν
600 1491 769 1568 πλανώμενον
789 1492 832 1550 ἐπὶ
850 1496 902 1559 τοῖς
922 1492 1034 1568 ἱματίοις
1060 1494 1120 1549 δια-

343 1586 479 1661 φθαρῆναι.
520 1580 559 1639 T'o
573 1578 619 1654 μὲν
634 1580 685 1659 γάρ
700 1577 737 1655 μὴ
758 1581 895 1649 ἐκδοθῆναι
916 1578 988 1638 οὐδὲν
1012 1579 1120 1654 σημεῖόν

343 1671 421 1727 ἐστιν·
429 1666 508 1747 εἰγάρ
521 1665 557 1743 μὴ
568 1665 871 1747 ἐρθησανπεριδύσαντες
880 1667 967 1737 αὐτόν,
975 1667 1043 1723 ἀλλά
1052 1689 1121 1732 τινας

342 1754 494 1835 προσιόντας
515 1753 669 1834 ροόηθέντες
684 1754 825 1824 ἀπέλιπον,
838 1753 997 1834 ἐσωφρόνουν
1009 1752 1054 1810 καὶ
1074 1755 1120 1809 οὐκ

342 1841 478 1917 ἐμαίνοντο
487 1839 533 1909 τὴν
546 1840 676 1918 σωτηρίαν
686 1845 730 1898 τοῦ
743 1840 846 1921 κέρδους
856 1844 1040 1918 προτιμῶντες.
1086 1840 1120 1916 (o)

308 1944 322 1980 ι
346 1929 379 1986 Εἰ
392 1925 419 1985 δέ
434 1927 471 2002 μὴ
485 1926 530 1985 καί
542 1926 585 1984 ἐπὶ
593 1928 645 1992 τοῖς
663 1925 776 2003 ἱματίοις
795 1926 934 2006 διεφθάρη,
949 1925 1006 1983 ἀλλ’
1021 1924 1121 2005 ἐτέρους

342 2013 403 2073 ἰδὼν
418 2014 482 2072 ἀλλο
495 2037 522 2071 τι
544 2011 624 2070 κακδν
646 2018 794 2084 ποιοῦντας,
813 2013 856 2069 ἰνα
877 2011 915 2088 μὴ
942 2014 1056 2088 μηνυτὴς
1075 2017 1120 2069 τοῦ

342 2100 501 2177 ἀδικήματος
525 2100 643 2178 γίνηται,
660 2099 785 2158 ἀπέθανεν
812 2103 857 2157 ὑπ’
880 2101 976 2171 αὐτῶν,
998 2099 1034 2166 τίς
1053 2092 1117 2169 οἶδες

341 2187 409 2255 Tot:
422 2187 449 2245 δέ
458 2187 495 2264 μὴ
504 2186 570 2246 πολύ
584 2179 664 2257 ἧσσον
676 2189 739 2263 ἐμοῦ
755 2192 892 2262 μισοῦντας
902 2185 978 2243 αύτόν
994 2178 1078 2263 (ἦσαν
1091 2187 1118 2244 δέ

341 2275 449 2350 πολλοί)
460 2279 514 2340 πῶς
523 2275 643 2339 ούκείκθς
652 2267 683 2344 ἧν
691 2276 754 2349 ἐμοῦ
765 2276 864 2348 μᾶλλον
873 2274 1017 2351 διαφθεῖραι
1028 2273 1119 2344 αῦτόνς

341 2362 445 2427 ἐκείνοις
452 2361 498 2437 μέν
508 2361 559 2439 γάρ
570 2358 668 2441 ρανερδι
682 2353 713 2430 ἦν
728 2365 745 2429 ἠ
758 2364 855 2439 berulis
865 2363 900 2425 εἰς
912 2359 958 2435 ἐμὲ
967 2362 1056 2430 ἰοῦσα,
1069 2360 1120 2439 ἐγὼ

342 2448 369 2506 δέ
385 2449 449 2527 ύπὲρ
464 2447 568 2506 ἐκείνων
588 2447 704 2512 ύπαίτιος
725 2446 845 2522 ἐσόμενος
862 2446 1042 2525 σαρῶςῇδειν.
1089 2449 1120 2522 (ι)

341 2538 398 2595 Τοῦ
415 2534 442 2593 δέ
461 2535 600 2592 ἀκολούθου
623 2538 639 2603 ἡ
655 2534 784 2612 μαρτυρία
798 2537 852 2598 πῶς
876 2532 934 2600 ἀξία
954 2532 1122 2591 πιστεύεσθαί

343 2625 427 2693 ἐστινς
440 2622 489 2679 ύπό
506 2645 534 2679 τε
546 2621 597 2700 γὰρ
610 2626 655 2680 τοῦ
676 2622 795 2678 κινδύνου
812 2619 1027 2696 ἐκπεπληγμένον
1044 2620 1121 2677 αύτδν

304 2735 329 2774 ιο
342 2712 387 2770 τάκ
400 2708 467 2776 εἰκὸς
486 2701 518 2779 ἦν
531 2707 589 2774 τοθς
608 2707 809 2773 ἀποκτείναντας
822 2711 934 2783 γνῶναι,
957 2706 1007 2764 θπό
1023 2728 1051 2763 τε
1070 2710 1121 2763 τῶν

341 2795 436 2875 κυρίων
446 2796 683 2872 ἀναγινωσκόμενον
693 2799 826 2853 ἐπινεῦσαι
836 2787 867 2865 ἦν
876 2794 950 2859 εἰκός.
993 2793 1124 2853 Ἀπιστου·

343 2884 426 2961 μένων
450 2884 477 2941 δὲ
494 2882 539 2941 καί
556 2886 607 2939 τῶν
627 2881 714 2941 ἀλλων
728 2883 826 2941 δούλων
841 2885 867 2940 ἐν
889 2883 946 2946 ταῖς
969 2881 1123 2961 μαρτυρίαις

344 2973 390 3047 (οὐ
411 2970 461 3050 γάρ
480 2969 511 3028 ἀν
529 2969 715 3046 ἐῦασανίζομεν
738 2968 847 3047 αύτούς)
860 2972 915 3035 πῶς
929 2968 1027 3026 δίκαιον
1040 2968 1123 3048 τούτῳ

342 3064 513 3138 μαρτυροῦντι
527 3057 716 3124 πιστεύσαντας
726 3057 870 3137 διαφθεῖραί
883 3077 934 3133 με,
952 3056 983 3134 (ν)
1001 3058 1034 3115 Ei
1047 3055 1074 3113 δέ
1083 3079 1123 3122 τις

343 3143 377 3201 τὰ
391 3144 479 3201 εἰκότα
494 3143 615 3214 ἀληθέσιν
628 3142 673 3202 ἶσα
693 3147 794 3219 ἡγεῖται
810 3142 1047 3223 καταμαρτυρῆσαί
1059 3165 1124 3218 μου,

342 3230 434 3289 ταύτὸν
454 3230 674 3307 ἀντιλογισάσθω,
687 3230 726 3288 δτι
741 3253 774 3306 με
789 3231 915 3312 εἰκότερον
930 3222 961 3301 ἦν
976 3229 1022 3300 τὴν
1037 3229 1124 3309 ἀσρά·

305 3347 330 3387 ις
344 3321 415 3377 λιιαν
425 3324 471 3390 τῆς
483 3318 620 3388 έπιύουλῆς
633 3324 759 3397 τηροῦντα
770 3318 931 3399 φυλάξασθαι
948 3318 993 3377 καί
1017 3317 1054 3395 μὴ
1068 3340 1121 3374 πα·

344 3405 493 3485 ραγενέσθαι
509 3408 546 3485 τῷ
558 3405 625 3486 ἔργῳ
636 3409 734 3482 μᾶλλον
750 3406 767 3476 ἢ
781 3413 870 3465 τοῦτον
886 3406 1061 3486 σφαττόμενον
1076 3407 1124 3484 ὀρ-

344 3496 393 3560 θῶς
407 3496 512 3569 γνῶναι.
555 3494 585 3570 (ν)
603 3493 651 3559 Ὡς
663 3493 690 3551 δέ
707 3493 779 3551 τόνδε
794 3494 838 3552 τθν
851 3494 966 3552 κίνδυνον
978 3496 1024 3551 οὐκ
1035 3495 1124 3571 ἀσρα·

340 3581 460 3661 λέστερον
486 3583 531 3637 τοῦ
547 3580 598 3637 ἀπὸ
622 3585 668 3651 τῆς
692 3586 793 3663 γραρῆς
814 3581 933 3658 ἡγούμην
952 3573 1036 3657 εἶναι,
1054 3580 1123 3639 ἀλλὰ

341 3668 551 3740 πολλαπλάσιον,
574 3671 597 3725 εἰ
616 3668 653 3743 μὴ
668 3669 855 3748 παρεφρόνουν,
873 3667 978 3737 διδάξω.
1032 3666 1124 3735 ‘liobe

341 3754 388 3829 μέν
410 3755 460 3835 γάρ
474 3753 577 3835 γραφὴν
596 3760 641 3825 τῆς
657 3755 704 3831 μίν
727 3755 814 3823 οὐσίας
834 3757 905 3834 ᾔδειν
927 3754 1123 3832 ἐκστησόμενος,

340 3845 387 3912 τῆς
401 3839 427 3898 δὲ
442 3842 542 3906 πολεως
558 3841 603 3899 καί
618 3847 663 3900 τοῦ
678 3841 797 3918 σώματος
814 3844 862 3901 ούκ
885 3841 1062 3921 ἐστιρούμην,
1078 3865 1124 3899 πε·

342 3926 500 4006 ριγενόμενος
515 3928 542 3986 δὲ
552 3929 596 3986 καί
614 3929 737 4007 λειφθείς,
750 3928 799 3988 κάν
814 3929 904 4008 ἔρανον
918 3929 991 4008 παρὰ
1004 3934 1056 3987 τῶν
1071 3930 1122 4009 ρί-

301 4034 328 4070 αν
342 4018 393 4072 λων
408 4015 543 4085 συλλέξας,
563 4017 609 4073 οὐκ
626 4014 658 4071 ἀν
672 4018 707 4080 εἰς
721 4016 754 4073 τά
776 4016 876 4093 ἔσχατα
892 4016 962 4073 κακά
975 4009 1060 4085 ἦλθον·
1077 4015 1123 4073 ἐὰν

341 4101 369 4158 δέ
380 4106 424 4158 νῦν
435 4101 609 4181 καταληφθείς
623 4101 755 4177 ἀποθάνω,
766 4102 857 4159 ἀνόσια
872 4102 956 4171 ὀνείδη
970 4103 1022 4166 τοῖς
1033 4103 1122 4159 παισίν

341 4188 487 4267 ύπολείψω,
507 4186 628 4269 ἣρυγὼν
649 4186 731 4267 γέρων
748 4189 792 4246 καί
812 4188 903 4253 άπολις
917 4185 953 4244 ῶν
975 4187 1018 4244 ἐπί
1039 4186 1121 4254 ξενίας

437 4275 444 4296 ι

340 4298 496 4354 πτωχευαω.

382 4382 415 4421 ιο.
438 4361 516 4421 Otto
537 4360 583 4438 μέν
599 4361 615 4419 δ
630 4361 810 4441 κατηγόρηταί
824 4384 890 4438 μου,
914 4364 1001 4418 πάντα
1023 4360 1121 4419 άπισταί

340 4452 419 4506 ἐστιν·
434 4447 593 4507 ἀπολύεσθαι
608 4448 635 4506 δὲ
647 4448 688 4529 ύρ*
701 4452 784 4521 ὑμῶν,
800 4450 823 4506 εἰ
839 4447 883 4506 καί
901 4447 1006 4512 εἰκότως
1019 4445 1065 4522 μὲν
1077 4448 1122 4505 όν-

340 4559 390 4601 τως
404 4535 431 4593 δί
446 4534 484 4612 μί,
498 4534 638 4594 ἀπέκτεινα
652 4534 696 4593 τὀν
711 4534 812 4613 ἀνδρα,
826 4534 892 4592 πολὺ
910 4535 1009 4610 μᾶλλον
1024 4534 1122 4600 δίκαιός

341 4624 405 4699 εἰμι.
449 4622 521 4699 Ἐγώ
535 4645 564 4680 τι
584 4622 634 4700 γδρ
649 4622 758 4702 φανερὸν
779 4621 818 4679 ὅτι
838 4620 940 4697 μεγάλα
955 4619 1121 4697 ἀδικούμενος

342 4710 491 4787 ἠμυνάμην·
507 4712 536 4769 ού
552 4710 604 4789 γάρ
619 4708 651 4769 διν
673 4708 776 4769 ἐδόκουν
792 4710 896 4775 εἰκότως
911 4712 1061 4767 ἀποκτεῖναι
1073 4711 1120 4767 αύ·

340 4797 393 4856 τόν·
410 4798 469 4864 τούς
481 4822 509 4857 τε
522 4798 724 4864 ἀποκτείναντας
738 4797 783 4856 καί
797 4799 826 4855 ού
842 4796 900 4864 τούς
915 4795 1001 4855 αἰτίαν
1013 4794 1121 4874 ἔχοντας

300 4909 326 4947 m
342 4887 490 4943 ἀποκτεῖναι
513 4889 593 4965 ὀρθῶς
612 4886 642 4945 ἀν
663 4884 902 4960 καταλαμθάνοιτε.
951 4886 995 4962 (ιι)
1022 4884 1069 4945 Ἐκ
1092 4882 1118 4942 δὲ

341 4973 436 5038 παντὸς
448 4974 543 5053 τρόπου
558 4974 732 5051 ἀπολυόμενος
744 4977 791 5042 τῆς
812 4972 897 5037 αἰτίας
912 4971 993 5048 ἔγωγε
1012 4971 1069 5030 ούτι
1084 4975 1120 5038 εἰς

341 5058 374 5117 τά
385 5059 479 5135 τεμένη
494 5061 579 5119 εἰσιὼν
597 5061 645 5132 τὴν
660 5062 764 5139 ἁγνείαν
782 5064 833 5118 τῶν
856 5064 920 5118 θεῶν
942 5062 1045 5134 μιανῶ,
1060 5058 1119 5117 ούτε

342 5151 409 5223 ὑμᾶς
431 5149 526 5206 πείθων
550 5149 679 5207 ἀπολῦσαί
703 5172 735 5226 με
758 5146 849 5206 ἀνόσια
873 5146 992 5226 πράττω.
1035 5148 1069 5207 Οἱ
1091 5146 1118 5204 δέ

343 5235 475 5302 διώκοντες
490 5235 536 5312 μίν
549 5236 594 5312 ἐμὲ
609 5236 652 5294 τὸν
672 5236 785 5294 ἀναίτιον
801 5235 882 5294 τόνδ’
898 5233 980 5292 αἴτιον
1002 5233 1120 5311 ἀριέντες

341 5326 388 5392 τῆς
399 5346 427 5382 τι
448 5323 555 5403 ἀρορίας
569 5323 646 5380 αἴτιοι
665 5322 797 5399 γίνονται,
821 5327 889 5399 ὑμᾶς
909 5346 938 5380 τε
962 5319 1064 5389 ἀσεῦεῖς
1083 5322 1119 5385 εἰς

342 5410 401 5478 τούς
414 5410 485 5477 θεοὺς
496 5410 622 5476 πείθοντες
638 5415 799 5481 καταστῆναι
813 5411 917 5468 πάντων
932 5400 968 5467 ῶν
986 5405 1031 5484 ἐμὲ
1048 5408 1117 5478 ἄξιόν

1795 676 1943 753 (er-ns)

1164 800 1294 850 bornicidns
1312 815 1373 863 quos
1385 802 1466 863 ignoro
1480 799 1591 849 indicare.
1607 800 1766 850 Nihilominus
1781 803 1828 851 boc
1845 816 1944 865 quoque

1164 871 1242 919 iacere
1255 872 1360 920 conabor
1373 892 1379 920 :
1393 872 1518 920 necessitas
1531 871 1594 918 enim
1609 872 1651 930 (ut
1667 871 1690 919 in
1708 872 1835 933 proverbio
1851 874 1945 932 ierim)

1163 939 1268 987 telorum
1285 941 1393 989 omnium
1408 942 1445 989 est
1461 940 1613 988 acerrimum.
1647 943 1700 989 tlon
1718 944 1799 990 nutem
1816 941 1946 1003 repellendi

1164 1012 1328 1058 accusatorem
1340 1011 1390 1059 ulla
1401 1013 1542 1071 argumenta
1551 1010 1627 1058 belieo
1638 1011 1685 1059 alia
1694 1013 1768 1072 atque
1779 1011 1820 1060 illa
1831 1011 1882 1075 ipsa
1890 1012 1945 1073 qui·

1164 1078 1209 1126 bus
1229 1083 1355 1129 accusator
1372 1083 1463 1128 eeteros
1476 1093 1559 1128 omnes
1575 1080 1674 1128 crimine
1691 1081 1776 1140 solvit,
1792 1095 1833 1130 me
1849 1094 1908 1132 uere
1919 1084 1947 1130 ut

1164 1148 1295 1198 occisorem
1307 1150 1392 1198 deterri
1404 1151 1456 1211 ipso
1467 1149 1539 1197 cusiis
1550 1163 1635 1210 genere
1646 1152 1776 1199 contendit.
1809 1154 1860 1200 llos
1876 1152 1947 1212 igitur

1164 1217 1275 1267 innoxios
1283 1232 1334 1268 esse
1343 1219 1529 1268 demonstrande
1540 1220 1593 1271 siin
1603 1233 1641 1268 me
1649 1220 1713 1268 cadit
1721 1222 1792 1283 eulpa
1803 1221 1884 1281 melis,
1895 1222 1948 1271 illos

1165 1292 1189 1335 ln
1201 1290 1337 1351 suspicione
1355 1303 1405 1338 csse
1418 1288 1526 1338 docendo
1539 1303 1583 1351 ego
1601 1289 1667 1338 lrnud
1682 1291 1755 1341 dubie
1767 1305 1843 1353 purus
1854 1293 1880 1341 et
1899 1291 1947 1340 cri·

1165 1358 1230 1407 mine
1242 1371 1333 1406 vacuus
1347 1372 1398 1408 esse
1407 1359 1514 1407 uidebor.

1196 1430 1218 1471 5.
1236 1426 1327 1486 Negant
1340 1425 1364 1474 ίιί
1383 1424 1505 1486 probabile
1518 1438 1585 1485 esse,
1603 1424 1669 1486 quod
1687 1439 1730 1487 ego
1742 1424 1781 1472 aio
1792 1426 1830 1474 vel
1842 1429 1947 1480 maxime

1165 1489 1288 1550 probabile
1296 1503 1356 1549 esse,
1366 1493 1394 1538 ut
1403 1503 1490 1550 emsrrs,
1502 1489 1562 1537 dum
1574 1494 1644 1539 nocte
1656 1491 1797 1551 intempesta
1811 1497 1947 1553 rogaretur,

1165 1570 1179 1605 a
1192 1556 1365 1613 grassatoribus
1378 1557 1501 1605 confossus
1515 1557 1546 1604 sit
1560 1558 1759 1605 vestimentorum
1770 1559 1901 1619 eupiditate
1917 1560 1946 1608 ii-

1165 1619 1239 1668 lectis.
1274 1624 1334 1669 Nutu
1353 1620 1419 1684 quod
1437 1620 1543 1669 vestibus
1558 1622 1652 1681 spoliati
1669 1621 1776 1682 jacentes
1786 1636 1833 1671 non
1844 1624 1947 1685 luerint,

1165 1698 1196 1734 ex
1207 1698 1236 1733 eo
1249 1686 1306 1735 nibil
1321 1687 1399 1745 collini
1410 1689 1503 1748 potest:
1520 1688 1598 1748 potuit
1612 1688 1662 1739 lteri
1677 1692 1705 1737 ut
1721 1688 1829 1740 homiues
1842 1689 1947 1739 interve·

1165 1750 1258 1799 nientes
1276 1752 1346 1813 ipsis,
1363 1753 1412 1801 otio
1431 1765 1473 1800 eos
1489 1753 1645 1802 excluderent
1664 1756 1741 1802 vestes
1758 1754 1893 1812 Jacentibus
1904 1759 1947 1805 de-

1164 1816 1308 1879 stringendi,
1321 1831 1425 1878 quorum
1442 1817 1566 1867 bominum
1582 1824 1663 1882 ructu,
1675 1822 1695 1868 si
1710 1820 1817 1880 iacentes
1832 1835 1880 1871 rnna
1893 1837 1947 1873 eum

1166 1881 1272 1931 restibus
1297 1883 1459 1945 reliquerunt,
1477 1885 1561 1946 utique
1581 1899 1629 1933 non
1654 1885 1824 1947 desipuerunt,
1846 1888 1888 1935 sed
1910 1895 1947 1942 ret

1165 1947 1271 1996 maxirue
1280 1951 1425 2009 sapuerunt,
1440 1948 1542 1999 salutem
1558 1951 1645 1999 lucello
1656 1951 1816 2012 preferentes.
1849 1953 1884 2011 (6)
1901 1958 1949 2006 sed

1166 2014 1203 2061 iac
1216 2013 1282 2063 illum
1295 2028 1342 2063 uon
1356 2015 1459 2063 vestium
1469 2028 1541 2064 causa
1553 2019 1703 2078 peremptum
1714 2029 1765 2067 esso
1780 2030 1785 2059 τ
1800 2018 1859 2078 quid
1877 2023 1948 2071 turn?

1165 2081 1272 2141 quiescit
1281 2082 1420 2140 annonbic,
1432 2080 1514 2130 videns
1522 2083 1602 2131 nescio
1611 2096 1671 2143 ques
1680 2084 1770 2132 malurn
1780 2083 1878 2145 aliquod
1889 2088 1948 2138 laci-

1165 2159 1212 2194 nus
1224 2149 1354 2210 pntrantes,
1364 2148 1395 2194 ab
1404 2146 1541 2197 lrisoceisus
1553 2149 1639 2208 luerit,
1652 2149 1813 2196 metuentibus
1822 2163 1852 2198 ne
1861 2152 1898 2199 sui
1912 2155 1947 2202 la·

1166 2212 1253 2261 cineris
1267 2213 1306 2261 ille
1321 2212 1392 2259 index
1402 2212 1486 2260 tieret?
1504 2217 1578 2262 Porro
1592 2213 1634 2274 qrri
1647 2220 1796 2275 peremptum
1811 2226 1858 2265 non
1871 2219 1948 2268 nnrlto

1166 2278 1257 2326 minore
1264 2277 1319 2325 odio
1329 2277 1543 2338 prosequebantnr,
1552 2293 1625 2341 quam
1635 2280 1681 2328 tuit
1690 2293 1770 2328 meum
1780 2281 1843 2328 iliius
1851 2283 1947 2347 odium,

1166 2357 1244 2392 nonne
1252 2343 1325 2402 inagis
1332 2346 1383 2392 erat
1391 2342 1513 2405 probabile
1523 2345 1583 2402 lios,
1595 2358 1668 2407 quam
1679 2359 1732 2405 me,
1742 2359 1799 2394 eum
1811 2348 1949 2398 sustulisse?

1166 2411 1269 2467 Norunt,
1282 2409 1323 2456 bic
1334 2408 1353 2455 si
1364 2420 1378 2455 s
1389 2422 1535 2480 ‹procunque
1544 2410 1641 2459 tandem
1651 2409 1789 2471 tolleretur,
1800 2410 1910 2463 initurum
1920 2419 1947 2465 ιιί

1166 2469 1238 2518 emelia
1252 2470 1275 2517 iu
1288 2480 1327 2516 rne
1340 2472 1444 2529 suspicio
1457 2472 1618 2530 incrrmberet;
1638 2486 1681 2533 ego
1696 2475 1777 2520 autem
1796 2486 1834 2519 ure
1853 2476 1947 2537 culpem

1167 2532 1271 2591 ipsorum
1281 2530 1398 2578 luiturum
1411 2546 1461 2581 esse
1477 2534 1551 2594 probe
1562 2533 1672 2581 sciebam.
1706 2536 1739 2592 (7)
1758 2533 1892 2594 l‘oeliseequi
1912 2541 1947 2586 te·

1168 2592 1307 2640 stimonium
1327 2594 1369 2651 qtrl
1387 2594 1482 2642 tandem
1501 2594 1614 2642 credibile
1633 2595 1681 2642 sit?
1704 2608 1799 2655 aquo,
1813 2594 1949 2649 discrimine

1167 2656 1317 2713 emimonto,
1340 2655 1483 2703 noscitatuur
1501 2657 1574 2704 titisse
1596 2655 1739 2703 lromicidam
1759 2656 1791 2704 ita
1809 2669 1895 2716 parurn
1914 2665 1949 2710 est

1167 2715 1293 2774 credibile,
1316 2715 1439 2764 utcontra
1465 2716 1577 2766 credibile
1598 2719 1650 2777 est,
1672 2730 1729 2765 eum
1748 2716 1779 2764 ab
1798 2717 1947 2782 bominibus,

1167 2789 1271 2884 γυοτιιιιι
1286 2776 1309 2823 in
1325 2777 1443 2835 potestate
1454 2780 1529 2834 esset,
1548 2778 1779 2837 interrogaremur!
1795 2778 1877 2828 omnia
1893 2797 1948 2843 qum

1168 2836 1173 2882 i
1185 2837 1201 2885 li
1212 2838 1300 2885 vellent
1312 2836 1392 2884 statim
1406 2850 1527 2887 americum
1537 2852 1596 2887 esse.
1629 2840 1743 2888 Universe
1754 2839 1813 2887 tides
1825 2852 1947 2892 serrorum

1167 2899 1276 2946 oninium
1289 2899 1313 2946 in
1325 2897 1420 2947 edendis
1439 2900 1580 2949 testimoniis
1593 2913 1668 2961 quum
1680 2900 1784 2949 sublesta
1794 2900 1824 2949 sit
1841 2904 1910 2960 (nam
1925 2909 1949 2954 nt

1168 2963 1241 3020 esset,
1251 2973 1294 3007 eur
1310 2971 1350 3007 eos
1362 2962 1486 3009 tormentis
1498 2961 1700 3022 subjiceremini)
1712 2965 1755 3023 qul
1772 2975 1815 3023 par
1833 2965 1879 3012 erit
1892 2966 1948 3014 lruie

1168 3033 1237 3067 servo
1255 3021 1327 3070 fidem
1346 3021 1426 3069 baberi
1445 3024 1515 3071 aienti
1534 3023 1619 3071 berum
1633 3037 1704 3071 suurn
1718 3037 1781 3071 anre
1797 3032 1946 3088 peremptum

1168 3085 1236 3130 esse?
1247 3083 1279 3141 (8)
1299 3086 1444 3143 Argumenta
1460 3097 1532 3145 porm
1545 3085 1695 3132 solummodo
1714 3085 1846 3146 probabilia
1859 3088 1878 3135 si
1894 3091 1947 3151 quis

1168 3146 1264 3190 censent
1279 3145 1342 3204 paris
1353 3157 1403 3192 esse
1412 3145 1523 3205 ponderis
1533 3159 1589 3193 cnm
1605 3146 1667 3194 reris
1677 3148 1702 3193 et
1715 3147 1799 3206 erariis,
1811 3160 1867 3196 eum
1876 3151 1946 3199 velim

1168 3202 1192 3251 in
1204 3206 1347 3254 contrariam
1359 3208 1451 3266 partein
1462 3206 1508 3254 boe
1517 3220 1597 3254 secrrm
1611 3210 1721 3267 reputare
1735 3227 1740 3255 :
1754 3208 1832 3257 multo
1847 3214 1898 3259 erat
1908 3226 1947 3260 ve-

1169 3264 1288 3314 risimilius
1298 3280 1352 3325 me,
1363 3266 1386 3313 iu
1397 3268 1507 3326 parandis
1516 3267 1605 3315 insidiis
1614 3269 1765 3316 &eternitatem
1778 3273 1802 3317 et
1814 3272 1948 3322 cautionem

1167 3329 1290 3386 seculum,
1313 3329 1403 3375 cauisse
1415 3333 1442 3376 ut
1459 3328 1554 3376 essedis
1570 3330 1722 3377 exsecutione
1734 3330 1857 3392 abessem,
1875 3346 1947 3394 quam

1168 3389 1196 3434 ut
1209 3387 1356 3447 interessem,
1368 3401 1445 3448 coque
1456 3390 1562 3437 menreb
1572 3390 1649 3437 oeulis
1659 3390 1689 3438 rie
1699 3391 1799 3439 veritate
1810 3392 1883 3441 caedis
1895 3408 1946 3443 mr-

1168 3448 1222 3495 tum
1236 3449 1368 3497 redderem.
1405 3451 1437 3506 (ol
1449 3454 1499 3499 lloc
1508 3454 1603 3512 nutem,
1614 3464 1663 3511 quo
1672 3465 1737 3499 nunc
1745 3456 1837 3514 teneor,
1849 3455 1948 3504 actionis

1169 3509 1268 3557 lorensis
1283 3510 1313 3558 de
1326 3511 1455 3561 homicidio
1468 3511 1595 3559 ‹liserimen
1610 3512 1708 3561 minime
1717 3514 1773 3560 milri
1785 3515 1864 3563 visum
1877 3518 1947 3566 luisse

1169 3570 1303 3630 expolitius
1311 3575 1384 3633 atque
1398 3574 1486 3631 tutius,
1497 3586 1570 3633 quam
1580 3574 1682 3621 aiterum
1698 3574 1759 3621 istud
1770 3574 1800 3622 de
1811 3578 1946 3639 sacrileeio,

1168 3630 1305 3691 imovero,
1323 3634 1342 3681 si
1360 3648 1408 3683 non
1426 3634 1495 3694 prluue
1511 3634 1615 3695 dampni,
1637 3635 1718 3683 rrrrrltis
1737 3636 1814 3684 modis
1834 3639 1946 3687 lorrrridn-

1170 3691 1254 3752 bilius,
1269 3694 1292 3741 id
1309 3708 1374 3744 nunc
1383 3696 1572 3745 ‹lerrnrnstratum
1584 3709 1621 3743 eo.
1655 3699 1715 3744 Nam
1724 3697 1743 3743 si
1754 3710 1825 3746 eausa
1834 3700 1946 3762 sacrilegii

1169 3753 1278 3802 castorem
1288 3791 1295 3815 ,
1306 3757 1413 3805 iutrrrum
1424 3759 1473 3803 erat
1485 3759 1511 3804 ut
1525 3756 1625 3805 fortunis
1634 3756 1784 3804 solummodo
1800 3760 1944 3822 uurlctarer;

1165 3815 1205 3873 (ιιι
1218 3816 1472 3890 civitatisetspiriluru
1491 3818 1548 3865 mibi
1564 3830 1636 3865 nemo
1655 3821 1707 3866 emt
1725 3822 1865 3927 erepturus,
1882 3823 1947 3870 salva

1167 3880 1247 3925 autem
1261 3878 1310 3926 vita
1322 3880 1379 3926 ruiln
1392 3880 1491 3937 relicta,
1510 3879 1603 3927 etiarnsi
1621 3892 1692 3927 eausa
1709 3881 1758 3928 ccci
1776 3881 1846 3929 issem
1860 3885 1883 3931 et
1898 3885 1946 3931 sor-

1167 3940 1237 3986 tunac
1247 3940 1392 4001 urraisissern,
1404 3954 1452 3988 non
1466 3942 1546 3987 tamen
1559 3938 1612 3987 ideo
1628 3940 1723 3988 intissam
1741 3941 1764 3989 ln
1784 3942 1870 3990 ultima
1886 3945 1948 3993 nraln

1167 3998 1294 4058 adductus,
1308 4001 1480 4049 §mairanicis
1492 4001 1552 4061 stipe
1559 4000 1685 4049 collectitii
1694 4002 1751 4049 nrilri
1761 4004 1894 4053 necessaria
1906 4020 1947 4067 ps·

1167 4072 1256 4108 rasum
1267 4080 1272 4091 ·
1284 4060 1404 4110 homicidii
1417 4066 1497 4110 arrtem
1507 4063 1531 4109 in
1540 4075 1610 4110 eausa
1620 4061 1659 4109 bie
1667 4064 1759 4111 victrrm
1768 4076 1808 4111 me
1821 4067 1948 4115 manebant

1166 4121 1309 4181 supplicium
1319 4124 1403 4171 mortis
1415 4127 1518 4182 certum,
1529 4123 1656 4184 ignominie
1667 4124 1762 4173 nefandi
1770 4126 1866 4174 sceleris
1873 4140 1945 4188 quarn

1167 4179 1247 4229 liberis
1260 4195 1303 4253 pro
1315 4184 1455 4244 patrimonio
1467 4198 1532 4233 eram
1547 4185 1688 4245 relicturus;
1704 4189 1745 4233 aut
1755 4187 1773 4238 si
1791 4187 1845 4248 iuga
1862 4190 1945 4238 mortis

1166 4243 1309 4303 supplicium
1320 4247 1493 4305 praeuenirent,
1510 4246 1601 4294 tuemini
1616 4247 1667 4295 seni
1685 4249 1710 4296 et
1725 4248 1815 4296 extorri
1831 4250 1945 4299 mendici·

1166 4303 1221 4351 tatis
1229 4305 1292 4352 mala
1300 4310 1368 4354 emnt
1378 4307 1508 4355 toleranda.

1200 4371 1236 4413 ίο.
1255 4366 1355 4415 Planum
1368 4369 1449 4430 itaque
1458 4368 1503 4416 leci
1514 4405 1521 4428 ‚
1531 4367 1623 4416 nullam
1633 4368 1826 4418 criminationum
1837 4371 1868 4419 ab
1879 4385 1946 4421 accu-

1165 4437 1244 4483 satore
1261 4436 1285 4485 in
1301 4449 1340 4485 me
1353 4439 1496 4487 intortnrunr
1508 4451 1559 4487 esse
1576 4438 1722 4487 credibilem.
1744 4439 1790 4487 sed
1809 4442 1845 4489 lac
1866 4443 1945 4500 tamen

1164 4505 1286 4565 prolubile
1296 4507 1404 4569 quidem,
1414 4511 1439 4556 al
1449 4522 1496 4556 non
1506 4511 1599 4556 certum
1608 4511 1633 4556 et
1640 4509 1790 4569 exploratum
1800 4510 1884 4571 videri,
1894 4525 1946 4561 eam

1164 4574 1283 4624 (matema
1300 4591 1340 4626 me
1359 4581 1477 4639 patratam
1493 4591 1544 4627 esse
1562 4597 1568 4626 :
1584 4578 1621 4626 vel
1636 4577 1670 4626 sic
1681 4591 1721 4627 me
1736 4592 1751 4627 a
1769 4580 1838 4629 robis
1854 4595 1897 4643 par
1912 4585 1947 4632 est

1164 4644 1256 4693 abstrlri
1275 4647 1355 4707 potios
1371 4661 1445 4709 quam
1459 4648 1575 4696 duinuari.
1608 4651 1667 4696 Nam
1685 4648 1783 4709 injurias
1800 4663 1899 4711 uragrrns
1916 4654 1947 4702 alr

1163 4713 1260 4764 inimico
1273 4717 1330 4765 mibl
1345 4718 1436 4766 oblatas
1450 4732 1489 4766 rue
1507 4717 1572 4766 scitis
1590 4716 1739 4778 (ίυίινιιίίιιιος
1754 4732 1810 4767 nam
1824 4721 1847 4767 ni
1864 4721 1897 4769 ita
1909 4737 1946 4772 es·

1163 4787 1230 4844 mut,
1245 4799 1292 4834 non
1305 4800 1398 4848 possein
1409 4801 1465 4836 eum
1477 4788 1553 4850 specie
1562 4788 1643 4849 aliqua
1652 4787 1727 4836 videri
1738 4788 1819 4837 iecisse
1834 4791 1944 4842 lacinus:

1164 4856 1294 4905 bornicidas
1302 4860 1397 4917 autem,
1407 4861 1431 4907 et
1439 4872 1485 4907 non
1495 4858 1583 4920 quibos
1593 4858 1712 4907 bomicidii
1721 4859 1810 4908 crimen
1820 4861 1893 4912 modo
1905 4864 1946 4911 ub·

1161 4927 1252 4988 jicitur,
1261 4927 1315 4987 jnre
1334 4929 1527 4977 condemnantis.
1562 4929 1611 4989 (ίί)
1623 4929 1947 4994 Quicquidest,quocunque

1163 5011 1206 5047 ros
1224 5011 1263 5046 me
1276 5003 1347 5060 paeto
1362 5000 1511 5048 absolveritis
1522 4999 1569 5047 boc
1579 5000 1695 5060 erimine,
1709 5013 1757 5049 non
1769 5001 1875 5062 pulbrarn
1890 5004 1946 5053 deo·

1164 5084 1218 5119 rum
1230 5070 1412 5118 sanctimoniam
1422 5071 1446 5118 in
1457 5082 1540 5118 eorrrm
1553 5069 1607 5116 iane
1614 5069 1756 5130 ingrediens,
1767 5074 1791 5119 et
1799 5074 1945 5123 contendens

1163 5140 1232 5187 vobis
1242 5140 1384 5199 persuadere
1394 5143 1420 5196 ιιί
1429 5153 1469 5188 me
1481 5140 1622 5198 absolvatis,
1632 5140 1734 5189 nefanda
1746 5154 1794 5189 non
1811 5141 1882 5191 lario.
1915 5147 1946 5194 At

1164 5210 1207 5269 illi,
1215 5209 1266 5269 (put,
1276 5210 1364 5258 omisso
1376 5223 1433 5258 rero
1440 5209 1567 5267 homicida,
1575 5222 1614 5258 nie
1623 5209 1739 5258 insontem
1750 5210 1870 5259 bomieidli
1878 5225 1945 5261 rerem

1162 5281 1236 5340 agunt
1250 5278 1283 5327 illi
1293 5277 1423 5328 sleiilitatis
1438 5280 1601 5327 ruinnrilatern
1615 5280 1698 5340 patriae
1712 5280 1832 5338 inierunt,
1855 5281 1887 5330 illi
1904 5297 1945 5330 uu·

1162 5352 1240 5397 eloris
1250 5349 1317 5397 robis
1329 5350 1402 5406 timet,
1412 5352 1440 5396 ut
1451 5348 1571 5410 impietate
1581 5348 1679 5396 nurnine
1687 5348 1788 5397 rlrmruru
1796 5349 1889 5400 inclutis
1902 5370 1907 5399 ε
1921 5352 1947 5400 bi

1162 5418 1226 5482 digni
1252 5419 1355 5482 denique
1385 5422 1454 5480 sunt,
1475 5420 1518 5482 qui
1540 5417 1624 5468 cadero
1645 5420 1725 5469 orimia
1745 5420 1866 5484 patiantur
1883 5421 1944 5483 ipsi,
