4467 6542
824 652 962 712 ιιειοι·
983 656 1007 712 0
1032 656 1132 713 arra
1155 655 1468 718 aaaroseenora.
1806 662 1928 739 (ιιι-ιν

646 819 814 865 ΜΔΡΤΥΡΕΣ.
1486 819 1608 867 Testes.

380 971 415 1013 ts.
437 954 499 1011 Τῶν
514 950 561 1028 μὲν
576 949 713 1030 μαρτύρων
725 949 864 1020 ἀκηκόατε.
878 949 918 1009 T'o
932 948 959 1008 δὲ
969 952 1113 1010 τελευταῖον
1191 956 1228 1000 4⁸·
1244 955 1327 1001 'sesldss
1336 952 1472 1002 suminus.
1482 953 1519 1004 Ad
1529 957 1676 1016 l’ostremum
1688 956 1732 1006 llll!
1741 969 1839 1007 Summi
1847 958 1935 1021 hom

341 1038 376 1105 el<
389 1038 436 1110 τήν
451 1036 534 1118 ἀρχήν
549 1036 680 1102 καταστὰς
694 1035 849 1127 ἀγαθοῦμέν
863 1036 964 1104 οὐδενὸς
977 1038 1113 1117 μετέσχεν,
1160 1045 1250 1107 potitus
1260 1081 1267 1104 ‚
1280 1044 1339 1093 nibil
1351 1045 1484 1107 quidquam
1493 1047 1550 1095 boni
1558 1046 1668 1108 adnabit,
1679 1048 1721 1098 sed
1730 1049 1796 1099 mala
1806 1051 1890 1101 multa.
1900 1055 1935 1102 Δῖ-

301 1142 328 1180 su
342 1126 427 1184 ἄλλων
441 1125 468 1182 δὲ
480 1127 593 1183 πολλῶν.
604 1124 698 1184 Καίτοι
710 1121 781 1203 εἴπερ
792 1128 824 1194 ήν
839 1122 905 1202 ἀνὴρ
916 1124 1022 1201 ἀγαθός,
1035 1128 1113 1204 ἐχρῆν
1159 1148 1240 1193 tamen
1252 1145 1271 1193 si
1285 1144 1324 1193 vir
1335 1145 1413 1194 bonus
1422 1146 1516 1206 luisset,
1530 1147 1634 1209 primum
1646 1148 1754 1210 oportuit
1768 1147 1884 1211 injustum
1895 1152 1934 1199 im·

340 1211 372 1269 ἂν
385 1214 486 1290 πῖῶῗθν
499 1210 545 1286 μὲν
560 1208 597 1286 θλ
608 1209 764 1290 παρανόμως
775 1209 873 1290 ἄθλων
887 1209 1019 1290 {lamb
1033 1215 1113 1291 βουλῇ
1162 1246 1256 1308 perium
1263 1247 1308 1296 sibl
1314 1260 1362 1296 uon
1369 1248 1506 1310 conciliare,
1511 1247 1597 1299 deiude
1602 1251 1695 1299 senatui
1701 1250 1809 1301 iudieare
1815 1252 1935 1303 delationes

340 1299 456 1375 μηνυτὴν
475 1299 588 1376 γίνεσθαι
607 1296 668 1376 περὶ
690 1300 741 1354 τῶν
756 1298 923 1397 εἰσαγγελιῶν
938 1299 1058 1373 ἁπασῶν,
1075 1299 1114 1404 ὅτι
1159 1355 1242 1392 omnes
1251 1356 1301 1392 esse
1312 1343 1600 1408 fflm'fflmchumque
1612 1348 1637 1395 et
1646 1346 1811 1409 &hymen
1825 1361 1874 1397 m
1886 1362 1933 1398 m

340 1386 440 1464 ψευδεῖς
453 1376 513 1455 εἶεν,
527 1382 572 1440 καλ
586 1382 723 1462 Βάτραχος
740 1383 785 1440 καῖ
799 1383 958 1461 Αἰσχυλίδης
971 1386 1114 1457 οὗτόληθη
1431 1448 1436 1458 ,
1522 1448 1549 1459 ..
1646 1448 1652 1461 ,
1821 1451 1827 1462 ,

340 1470 491 1549 μηνύουσιν,
505 1469 572 1528 sill
585 1469 619 1528 ad
630 1470 679 1527 ὑπὸ
690 1473 741 1528 τῶν
751 1470 890 1551 τριάκοντα
899 1471 1047 1530 πλασθέντα
1061 1476 1113 1532 εἰσ·
1161 1444 1261 1506 ‘ierem'
1268 1446 1308 1494 Μ
1315 1459 1370 1509 (¹¹¹ae
1380 1460 1395 1495 ἃ
1407 1448 1563 1510 ῖῃψωηηῖ
1571 1451 1704 1511 mmm
1711 1450 1809 1500 summ
1819 1464 1845 1500 ¹¹¹
1853 1464 1932 1500 cmm

341 1560 507 1637 αγγίλλουσι,
530 1558 686 1635 συγκείμενα
700 1557 792 1635 ἐπῖτῇ
815 1561 866 1615 τῶν
882 1562 994 1617 πολιτῶν
1015 1561 1112 1639 βλαίόη.
1160 1547 1297 1610 l'emlsslem·
1330 1549 1381 1611 (⁴9)
1396 1542 1674 1615 1¹¹⁴ll³l⁰s⁸⁰l⁰rl¹¹lll⁰l⁸=
1687 1552 1839 1615 ll¹¹l⁰¹¹mll¹¹⁰
1853 1554 1930 1603 lm·

342 1648 387 1724 (ιο)
400 1645 453 1706 Kal
465 1645 512 1721 μὲν
526 1646 571 1720 δή,
581 1635 603 1703 ὦ
615 1645 704 1724 ἄνδρες
717 1646 851 1717 δικασταί,
863 1644 918 1704 ὅσοι
931 1647 1035 1705 κακόνοι
1047 1640 1113 1719 ἦσαν
1159 1653 1211 1700 tum
1223 1652 1362 1714 popularem
1375 1652 1456 1715 iniquo
1467 1655 1536 1703 erant
1549 1654 1644 1716 animo,
1656 1668 1706 1704 non
1718 1656 1795 1718 pejori
1808 1656 1863 1706 loeo
1874 1659 1933 1706 eraut

301 1760 327 1799 55
339 1737 377 1813 τῷ
397 1732 512 1812 ὖμέῖὲρθ)
529 1733 636 1803 πλθθῑῑν
651 1730 723 1790 Οὐδὲν
736 1731 843 1789 Παῖτον
864 1723 933 1811 Εἶχον
954 1738 1114 1801 σιωπῶντες·
1160 1751 1218 1801 dum
1229 1753 1341 1816 silereat;
1351 1754 1469 1815 siquidem
1485 1754 1525 1803 alii
1538 1758 1606 1804 eraut
1619 1756 1661 1817 qui
1673 1756 1718 1805 ista
1727 1760 1829 1818 egerunt
1844 1760 1868 1807 et
1876 1757 1932 1807 dixe

340 1819 421 1897 ἕτεροι
435 1819 485 1897 γὰρ
498 1841 565 1890 ησαν
575 1822 598 1876 ol
612 1818 728 1895 λέγοντες
737 1818 781 1875 καὶ
792 1818 946 1896 πρέποντες
956 1811 992 1877 ῶν
1003 1822 1052 1899 οὐχ
1062 1812 1114 1879 οἶόν

339 1907 362 1964 τ’
375 1900 408 1979 ήν
423 1906 503 1983 μείζω
520 1904 590 1964 κακὰ
603 1904 722 1981 γενέσθαι
739 1908 771 1983 τῇ
785 1905 869 1963 πόλει.
885 1903 995 1965 Ὁπόσοι
1008 1906 1030 1963 δ’
1048 1897 1115 1965 εὖνοί
1272 1957 1278 1967 .
1558 1959 1563 1970 ,
1698 1960 1703 1971 ,

340 2015 418 2073 ρασιν
438 1983 520 2063 εἶναι,
539 1995 594 2057 πῶς
614 1992 660 2049 οὐκ
681 1993 789 2049 ἐνταῦθα
809 1990 916 2063 ἔδειξαν,
938 1991 1012 2050 αὐτοί
1033 2016 1061 2051 τε
1082 1992 1115 2051 τδι
1160 1959 1478 2020 mnt'Qumumqumtem
1490 1958 1658 2021 l'raedmtae
1671 1960 1743 2009 sume
1751 1960 1888 2021 benewloe'
1897 1974 1933 2010 ωε

341 2079 464 2158 βέλτιστα
482 2079 598 2155 λέγοντες
619 2078 664 2136 καὶ
685 2077 744 2144 τοὺς
765 2077 987 2158 ἐξαμαρτάνοντας
1003 2080 1114 2161 ἀποτρέ·
1143 2057 1491 2207 ,ᾚἭΣΤΠΠΠΜΠ
1502 2058 1730 2122 ⁰¹³²lm⁸⁸⁰³d⁶¹¹d⁰
1741 2062 1766 2109 Π
1778 2060 1933 2124 mmmmm

1177 2172 1222 2207 eo
1292 2172 1307 2207 o

340 2190 443 2238 ποντες;

380 2274 416 2314 ιν).
437 2250 514 2317 Ἴσως
528 2251 551 2309 δ’
565 2251 596 2310 do
611 2255 667 2331 ἐχοι
685 2253 765 2311 εἰπεῖν
779 2252 818 2310 ότι
832 2253 969 2331 ἐδεδοίκει,
984 2255 1028 2312 καὶ
1042 2257 1113 2330 ὑμῶν
1193 2261 1231 2304 50·
1249 2256 1295 2305 Sed
1307 2256 1405 2305 lnrsllnn
1419 2255 1484 2305 dicet
1496 2255 1575 2319 (qnnd
1585 2256 1706 2306 nonnullis
1715 2259 1825 2307 vontrnm
1834 2258 1933 2308 εθῖθοαε

340 2345 416 2399 τοῦτο
430 2339 504 2404 ἐνίοις
512 2339 600 2397 ἱκανὸν
614 2338 697 2398 ἔσται.
715 2337 809 2405 Ὅπως
823 2338 907 2397 τοίνυν
922 2339 959 2417 μή
972 2341 1115 2419 φανήσεται
1161 2342 1280 2405 arbitror)
1291 2353 1317 2393 se
1325 2343 1432 2393 timuisse
1439 2357 1470 2393 ne
1477 2344 1556 2393 verbis
1564 2347 1646 2407 aperte
1653 2344 1776 2393 rideretur
1783 2345 1931 2407 trigintarirlt

341 2430 368 2485 ἐν
379 2430 416 2506 τῷ
427 2427 496 2506 λόγῳ
509 2434 562 2492 τοῖς
575 2426 714 2505 τριάκοντα
727 2426 924 2498 ἐναντιούμενος·
938 2431 960 2484 ε)
974 2428 1001 2485 δὲ
1015 2428 1053 2503 μή
1059 2472 1067 2501 ,
1078 2430 1116 2486 ἐν.
1161 2429 1290 2479 adversari.
1304 2433 1357 2479 Huc
1365 2430 1385 2479 sl
1395 2444 1443 2479 11011
1452 2431 1552 2490 dixerit,
1562 2432 1618 2480 binc
1629 2431 1761 2481 declarabit
1768 2434 1807 2482 vel
1816 2434 1932 2495 tymnich

304 2537 331 2574 su
341 2518 432 2572 raudai
441 2516 517 2584 δῆλος
531 2512 604 2570 ἔσται
616 2512 655 2571 ὅτι
667 2513 751 2570 ἐκεῖνό
765 2536 793 2570 τε
809 2514 879 2591 αὐτῷ
897 2512 1004 2592 ἤρεσκε,
1018 2515 1062 2571 καλ
1076 2538 1116 2573 το·
1161 2517 1205 2578 lnnl
1219 2517 1351 2579 placuisse,
1361 2519 1399 2566 vel
1412 2520 1507 2567 lnnlnm
1519 2520 1624 2580 poluisse
1635 2522 1663 2568 nl
1675 2519 1748 2568 elium
1758 2520 1889 2571 εᾰεειεειεε
1899 2520 1931 2571 ni·

341 2606 431 2660 σοῦτον
447 2600 553 2660 ἐδύνατο
565 2598 633 2658 ὥστε
644 2598 833 2676 ἐναντιούμενος
845 2598 924 2675 μηδὲν
936 2600 1015 2659 κακὸν
1025 2602 1115 2659 παθεῖν
1162 2603 1194 2651 hil
1204 2603 1290 2652 abillis
1300 2605 1355 2654 moli
1367 2607 1498 2667 pateretur.
1509 2608 1591 2667 Ipsum
1603 2608 1683 2655 autem
1693 2607 1801 2667 oportuit
1809 2620 1853 2670 pro
1862 2611 1932 2658 vern

341 2686 384 2745 ὑπ’
397 2688 489 2747 αὐτῶν.
504 2688 578 2766 Χρῆν
593 2685 615 2743 δ’
624 2685 701 2744 αὐτὸν
713 2685 777 2766 ὑπὲρ
791 2689 837 2755 τῆς
850 2684 975 2765 ὑμετέρας
989 2686 1116 2767 σωτηρίας
1160 2691 1250 2767 solute,
1263 2705 1311 2740 non
1320 2705 1364 2753 pro
1379 2692 1526 2742 Theramene
1536 2692 1577 2754 qui
1591 2695 1641 2740 tam
1650 2693 1754 2755 graviter
1763 2694 1842 2744 turos
1853 2708 1931 2758 pecta·

340 2773 497 2846 ταύιηντὴν
513 2772 657 2853 προθυμίαν
676 2772 756 2851 ἔχειν,
773 2772 840 2830 ἀλλὰ
855 2772 892 2849 μὴ
905 2773 968 2853 ὑπὲρ
986 2774 1115 2852 θηραμέ-
1161 2778 1278 2838 νὶῖ,,οσιιι
1294 2779 1366 2827 animi
1376 2779 1524 2827 alacritatem
1533 2792 1681 2841 expromere.
1722 2782 1773 2843 (51)
1786 2784 1933 2845 Verumlpso

340 2858 450 2931 νους,δς
470 2861 504 2924 εἰς
521 2863 587 2935 ὑμᾶς
600 2857 685 2916 πολλὰ
701 2857 852 2936 ἐξήμαρτεν.
897 2862 943 2938 (sl)
964 2860 1032 2919 Ἀλλ’
1044 2853 1116 2927 οὗτος
1161 2865 1285 2914 civitatem
1296 2869 1403 2915 nostram
1415 2865 1533 2926 judicavit
1543 2866 1678 2928 inimicam,
1690 2867 1932 2920 inimicosautemno

341 2946 388 3017 τήν
399 2945 445 3022 μέν
459 2946 533 3003 πολιν
546 2944 640 3024 ἐχθρὰν
656 2945 769 3022 ἐνόμιζεν
780 2935 860 3018 εἶναι,
875 2945 932 3012 τοὺς
944 2946 965 3004 δ’
979 2947 1116 3027 ὑμετέρους
1160 2954 1222 3001 stros
1231 2965 1274 3013 pro
1285 2952 1369 3002 suricis
1378 2953 1461 3001 hahuit
1473 2973 1478 3001 :
1489 2952 1555 3015 quod
1564 2954 1774 3016 utrumquevobis
1782 2958 1865 3007 multis
1873 2971 1932 3020 argu·

341 3032 446 3112 ἐχθροὺς
457 3032 551 3113 φίλους,
562 3037 596 3098 ὡς
607 3035 740 3112 ἀμρότερα
750 3038 833 3090 ταῦτα
844 3033 895 3110 ἐγὼ
903 3036 1008 3100 πολλοῖς
1015 3058 1114 3112 τεκμη·
1160 3040 1247 3088 mentis
1264 3039 1427 3099 confirmabo,
1440 3042 1464 3088 et
1480 3040 1645 3088 contentiones
1660 3053 1716 3101 quoa
1732 3042 1796 3091 iuter
1811 3042 1866 3093 illos
1878 3047 1932 3093 orta

291 3121 404 3199 125plor<
414 3119 590 3199 παραστήσω,
604 3118 649 3176 καλ
661 3119 707 3184 τὰς
717 3119 780 3198 πρδς
793 3122 920 3191 ἀλλήλους
934 3122 1057 3202 διαφορὰς
1067 3125 1116 3201 οὐχ
1160 3126 1277 3186 sint,nou
1289 3128 1378 3186 rostra,
1389 3125 1480 3174 sedena
1492 3127 1597 3187 ipsorum
1609 3139 1681 3176 musa
1690 3128 1831 3190 contigisse,
1841 3131 1886 3180 utri
1894 3130 1933 3179 sai·

1160 1857 1230 1916 runt,
1250 1855 1338 1916 quibus
1355 1856 1465 1918 puriora
1480 1857 1542 1905 mala
1559 1857 1651 1907 civitati
1675 1858 1786 1908 accffiere
1808 1872 1857 1908 nou
1874 1863 1932 1921 pote·

339 3206 404 3283 θπέρ
414 3210 495 3283 ὑμῶν,
505 3206 563 3263 ἀλλ’
571 3206 635 3284 ὑπὲρ
644 3209 743 3264 έαυτῶν
754 3207 896 3283 γινομένας,
905 3208 1022 3287 ὁπότεροι
1032 3216 1115 3267 ταῦτα

339 3292 465 3373 πράξουσι
477 3291 524 3350 καῖ
536 3296 584 3361 τῆς
594 3294 693 3357 πολεως
707 3291 820 3370 ἄρξουσι.
831 3296 875 3371 (τι)
892 3294 946 3353 Καὶ
955 3294 1006 3374 γὰρ
1018 3297 1041 3352 sl
1051 3293 1115 3374 ὑπέρ

339 3384 391 3439 τῶν
405 3378 580 3454 ἀδικουμένων
595 3379 757 3450 ἐστασίαζον,
772 3384 821 3437 ποῦ
833 3382 938 3439 κάλλιον
951 3381 982 3439 διν
996 3374 1028 3453 ἦν
1042 3382 1115 3463 ἀνδρὶ

341 3468 461 3547 ἄρχοντι,
481 3464 498 3537 ἢ
522 3466 712 3546 Θρασυόούλου
728 3466 822 3538 Φυλήν
842 3468 1040 3547 κατειληφότα,
1061 3470 1115 3528 τότ’

340 3552 514 3619 ἐπιδείξασθαι
525 3552 572 3623 τὴν
581 3556 659 3611 αὑτοῦ
674 3553 823 3626 συνουσίαν,
833 3553 867 3614 Ὁ
877 3556 898 3612 δ’
913 3556 968 3613 ἀντὶ
978 3563 1022 3614 τοῦ
1037 3560 1116 3634 ἐπαγ-

314 3654 327 3689 n
339 3639 474 3716 γείλασθαί
485 3638 538 3708 τιή
553 3639 650 3719 πρᾶξαι
664 3640 758 3718 ἀγαθὸν
772 3642 835 3719 πρὸς
846 3642 904 3707 τοὺς
915 3644 958 3699 ἐπὶ
973 3645 1052 3722 Φυλῇ
1061 3688 1069 3718 ,
1077 3646 1116 3700 ἐλ-

339 3726 389 3785 θὼν
408 3727 540 3803 μετὰτῶν
554 3726 735 3806 συναρχόντων
751 3732 786 3793 είς
805 3731 945 3806 Σαλαμῖνα
961 3731 1006 3788 καλ
1021 3731 1114 3790 Ἐλευ·

339 3814 426 3872 σῖνσίδε
446 3813 607 3894 τριακοσίους
628 3819 679 3872 τῶν
693 3817 805 3873 πολιτῶν
820 3816 955 3893 ἀπήγαγεν
971 3820 1004 3882 εἷς
1024 3817 1053 3874 τδ
1073 3820 1114 3875 δε-

340 3901 498 3980 σμωτήριον,
519 3901 564 3958 καλ
586 3909 633 3980 μιᾷ
654 3900 733 3980 ψήρῳ
756 3903 840 3959 αὐτῶν
863 3903 985 3961 ἁπάντων
1005 3903 1115 3962 θόνατον

339 3986 545 4066 κατεψηφίσατο.
559 3988 604 4061 (so)
619 3986 728 4056 Ἐπειδὴ
741 3988 767 4044 δέ
780 3991 815 4054 εἷς
825 3988 868 4045 τδν
879 3992 992 4068 Πειραιᾶ
1002 3990 1114 4067 ἤλθομεν

339 4072 384 4131 καλ
400 4076 427 4131 αῖ
441 4073 556 4151 ταραχαί
571 4072 740 4150 γεγενημέναι
757 4066 824 4144 ἦσαν
839 4076 883 4133 καὶ
902 4077 961 4156 περῖ
975 4080 1025 4133 τῶν
1039 4079 1114 4135 διαλ-

339 4162 426 4237 λαγῶν
443 4163 467 4219 οί
487 4161 558 4237 λόγοι
577 4161 702 4238 ἐγίνοντο,
716 4160 813 4227 πολλὰς
827 4162 943 4242 ἑκάτεροι
960 4165 1065 4229 ἐλπίδας
1079 4164 1115 4221 εί-

300 4262 324 4298 ln
338 4270 420 4326 χομεν
429 4246 493 4326 πρὸς
506 4246 634 4317 ἀλλήλους
644 4248 747 4305 ἔσεσθαι
758 4252 792 4315 ὡς
804 4251 945 4331 ἀμφότεροι
957 4252 1055 4319 ἔδοξαν.
1071 4253 1114 4333 (ss)

314 4381 320 4398 ,
339 4337 374 4393 Ol
384 4335 432 4410 μλν
442 4333 493 4413 γδιρ
507 4337 537 4392 ἐκ
555 4335 684 4413 Πειραιῶς
697 4334 825 4414 κρείττους
838 4338 908 4405 ὄντες
922 4338 1011 4397 εἴασαν
1024 4341 1115 4408 αὐτοὺς

339 4424 468 4480 ἀπελθεῖν·
480 4424 504 4480 οῖ
514 4422 541 4479 δέ
555 4423 590 4487 εἰς
603 4422 633 4479 τὸ
648 4422 711 4480 σῖστυ
722 4423 837 4490 ἐλθόντες
847 4425 905 4492 τοὺς
918 4425 965 4501 μὲν
974 4428 1113 4507 τριόκοντα

339 4508 459 4578 ἐξίόαλον
472 4508 541 4579 πλὴν
555 4511 686 4576 Φείδωνος
699 4511 744 4569 καί
758 4511 973 4590 Ἐρατοσθένους,
989 4516 1114 4594 ἄρχοντας

339 4596 367 4655 δέ
386 4596 444 4663 τοθς
459 4596 564 4663 ἐκείνοις
581 4597 712 4676 ἐχθίστους
727 4597 838 4672 chorzo,
853 4602 990 4678 ἡγούμενοι
1010 4603 1115 4669 δικαίως

340 4684 371 4743 δν
383 4684 433 4743 θπδ
441 4688 493 4742 τῶν
502 4686 587 4743 αὐτῶν
602 4684 662 4752 τοός
672 4709 700 4744 τε
709 4688 847 4765 τριάκοντα
860 4695 990 4765 μισεῖσθαι
1001 4691 1045 4748 καί
1057 4691 1114 4757 τοὺς

339 4778 365 4833 ἐν
375 4778 491 4856 Πειραιεῖ
501 4778 640 4857 ριλεῑσθαι.
662 4780 709 4854 (ss)
722 4781 747 4837 Τ
748 4778 828 4836 οότων
837 4781 920 4839 τοίνυν
930 4782 1034 4842 Φείδων
1042 4787 1113 4840 ὁτῶν

302 4887 324 4921 ιτ
337 4864 474 4940 τριόκοντα
497 4864 630 4939 γενόμενος
657 4867 701 4922 καὶ
727 4864 870 4937 Ἱπποκλῆς
895 4868 940 4925 καλ
966 4869 1113 4948 Ἐπιχάρης

340 4952 354 5005 ὁ
367 4949 522 5029 Λαμπτρεὺς
534 4951 579 5008 καλ
590 4953 670 5030 ἕτεροι
682 4953 706 5009 οῖ
718 4952 849 5018 δοκοῦντες
858 4944 923 5010 εἶναι
935 4954 1114 5013 ἐναντιώτατοι

340 5038 468 5115 Χαρικλεῖ
482 5037 525 5093 καὶ
543 5039 637 5119 Κριτία
651 5038 695 5096 καῖ
709 5042 742 5115 τῇ
761 5039 864 5097 ἐκείνοιν
876 5040 1006 5120 ἑταιρεία,
1024 5040 1114 5112 ἐπειδὴ

1161 3212 1216 3260 lieet
1227 3214 1252 3260 in
1269 3211 1373 3273 privatos
1386 3212 1508 3273 tyrannica
1520 3215 1617 3273 agerem
1632 3215 1657 3261 et
1667 3214 1790 3263 eirihtem
1802 3228 1847 3265 suo
1861 3216 1933 3266 domi·

1160 3302 1219 3348 natu
1230 3300 1400 3361 opprimerent.
1432 3300 1481 3360 (51)
1501 3303 1531 3349 Et
1548 3300 1639 3348 verosi
1655 3314 1739 3350 eorum
1753 3314 1828 3352 mnas
1840 3303 1900 3354 inter
1910 3316 1934 3354 εε

1160 3387 1323 3437 dissensissent
1332 3389 1373 3449 qui
1384 3388 1433 3437 laesi
1445 3390 1527 3449 erant,
1542 3400 1598 3449 quae
1611 3388 1732 3437 honestior
1745 3389 1841 3440 occasio
1850 3391 1933 3441 Ιιοσιῖσῖ

1160 3478 1260 3541 principi
1269 3480 1405 3541 contingere
1414 3480 1492 3540 poluit
1502 3478 1532 3527 ad
1539 3478 1724 3529 studiumsuum
1734 3483 1760 3530 et
1770 3482 1880 3532 factionis
1887 3494 1933 3530 sun

1160 3565 1185 3612 in
1205 3566 1378 3627 rempublicam
1397 3565 1569 3614 declarandum
1588 3579 1663 3629 quam
1681 3580 1759 3629 quum
1777 3568 1933 3631 Thmsybulus

1161 3652 1252 3713 ΡῖνγΙοιι
1263 3656 1417 3715 occupasset?
1424 3656 1471 3702 lste
1478 3655 1559 3702 autern
1569 3653 1629 3702 adeo
1642 3653 1701 3703 nibil
1711 3654 1769 3704 boui
1781 3657 1820 3706 vel
1830 3656 1932 3720 prestitit

1161 3741 1199 3788 vel
1208 3743 1319 3802 praestare
1329 3740 1432 3803 suscepit
1439 3754 1494 3801 erga
1503 3740 1639 3803 Phylenses,
1648 3742 1676 3791 ut
1685 3754 1742 3792 cum
1751 3742 1848 3808 iisqnos
1855 3744 1932 3794 hamt

1160 3826 1252 3888 imperii
1261 3827 1337 3875 socios
1350 3828 1469 3877 salamina
1484 3830 1508 3876 ct
1524 3827 1658 3877 Eleusinem
1672 3830 1808 3892 prolectas,
1820 3834 1932 3881 trecentos

1160 3915 1223 3962 cives
1232 3913 1256 3961 iu
1269 3926 1389 3962 carcerem
1399 3913 1536 3974 abduxerit,
1547 3927 1643 3976 unaque
1651 3918 1770 3966 seutentla
1779 3930 1864 3968 ornnes
1872 3918 1931 3980 capl-

1160 4001 1201 4049 lali
1212 4001 1329 4062 supplicio
1339 4000 1464 4049 addixerit.
1477 4002 1526 4063 (53)
1537 4004 1618 4059 Quom
1630 4014 1688 4051 vero
1698 4005 1817 4054 Piraeeum
1825 4006 1932 4068 ceperum

1160 4095 1250 4153 exules,
1261 4097 1285 4143 et
1293 4094 1449 4144 dissensiones
1459 4096 1482 4144 in
1490 4094 1549 4144 urhe
1559 4096 1629 4145 (τοῖσι
1639 4098 1706 4158 sunt,
1716 4110 1746 4148 an
1753 4100 1804 4160 jam
1813 4100 1844 4149 de
1854 4111 1930 4150 rocoa·

1160 4186 1278 4236 ciliatioue
1287 4188 1323 4249 agi
1329 4190 1434 4251 ereptum
1441 4190 1486 4249 ost,
1496 4190 1600 4237 mariun
1609 4190 1731 4251 utrimque
1739 4190 1881 4253 speslllurit
1888 4193 1931 4242 lore

1160 4282 1187 4330 ut
1204 4295 1234 4330 ex
1247 4280 1371 4329 ambarum
1386 4271 1490 4343 partium
1506 4282 1623 4329 sententia
1638 4295 1675 4331 res
1690 4281 1856 4333 succederent.
1888 4282 1930 4346 (st)

1160 4376 1288 4425 l‘irmeuses
1299 4376 1362 4424 enim
1373 4375 1472 4423 victoria
1487 4375 1572 4437 potiti,
1591 4379 1699 4437 captosa
1713 4389 1739 4425 se
1751 4376 1857 4426 urbanos
1874 4376 1931 4426 abiro

1159 4470 1332 4532 permiserunt:
1342 4468 1382 4531 qui
1389 4469 1472 4518 urbem
1478 4469 1574 4529 ingressi
1583 4469 1833 4532 statimlrigintariros
1839 4472 1929 4532 elmere.

1159 4567 1247 4628 prater
1262 4563 1391 4612 Phidonem
1401 4566 1426 4612 et
1441 4562 1635 4620 Eratosthenem,
1647 4562 1772 4626 ducesque
1786 4564 1878 4627 elegere
1891 4561 1930 4613 ili·

1159 4658 1342 4718 intensissimo,
1352 4670 1367 4705 a
1380 4657 1469 4718 quihus
1477 4655 1580 4705 ducibus
1590 4655 1771 4705 arbitrabantur
1778 4657 1833 4717 iure
1846 4670 1875 4706 ac
1886 4669 1929 4705 ωε·

1160 4752 1205 4800 rito
1214 4755 1238 4800 et
1249 4750 1409 4812 trigintariros
1420 4749 1475 4798 odio
1485 4749 1566 4799 haberi
1575 4752 1600 4798 et
1608 4762 1658 4808 eos,
1668 4750 1710 4811 qui
1724 4751 1750 4799 in
1761 4750 1854 4800 Piraeeo
1861 4748 1928 4806 eraut

1159 4844 1231 4906 diligi.
1246 4845 1295 4906 (55)
1308 4847 1398 4893 llorum
1413 4844 1484 4904 igitur
1494 4842 1570 4893 Pbido
1579 4842 1621 4904 qui
1635 4839 1929 4903 salamantinensem

1161 4938 1286 4999 llippocles
1294 4940 1318 4986 et
1328 4937 1455 4999 Epichares
1464 4936 1634 4997 hamptrensis.
1643 4935 1768 4997 celerique
1776 4934 1928 4997 quividebrr·

1161 5025 1199 5070 tur
1208 5021 1359 5070 intensissimi
1369 5021 1440 5069 luisse
1448 5019 1550 5070 cbarieli
1557 5022 1581 5067 et
1590 5017 1812 5081 critimeornmque
1819 5014 1927 5070 sodsllllh

341 5122 431 5187 αὐτοὺς
445 5125 480 5188 εἰς
495 5122 542 5193 ³an
557 5126 639 5203 ἀρχὴν
654 5124 828 5197 κατέστησας,
847 5126 914 5186 πολὺ
929 5128 1009 5203 μάξω
1023 5127 1114 5185 Πρω,
1160 5115 1201 5163 uhi
1219 5116 1346 5178 imperium
1360 5112 1553 5174 lueruuladeptl,
1565 5114 1634 5173 longe
1646 5111 1784 5172 graviorem
1798 5110 1926 5160 seditionem

340 5208 384 5266 καὶ
396 5208 510 5285 πολεμον
525 5210 566 5267 ἐπὶ
577 5212 637 5278 τοὺς
647 5215 672 5270 ἐν
683 5214 804 5290 Πειραιεῖ
815 5215 868 5280 τοῖς
882 5213 907 5283 ἐξ
919 5215 1009 5281 ἄστεος
1025 5215 1113 5285 ἐποίη.
1160 5212 1183 5258 el
1193 5210 1412 5258 contraouaeoses
1420 5209 1509 5258 bellum
1519 5206 1641 5269 oppidanis
1648 5204 1794 5254 excitarunt.
1827 5201 1927 5265 (56)ου

341 5317 399 5351 σαν,
426 5297 472 5370 (τι)
485 5284 521 5379 ᾞ
533 5298 576 5353 καὶ
584 5302 698 5377 ρανερῶς
710 5300 871 5368 ἐπεδείξαντο
881 5300 920 5361 ότι
930 5306 979 5381 οὐχ
990 5302 1054 5381 ὓπέρ
1063 5305 1114 5360 τῶν
1161 5318 1185 5352 re
1195 5304 1265 5352 etiam
1279 5304 1369 5364 liquido
1378 5303 1542 5364 significarunt
1553 5313 1578 5349 se
1593 5312 1639 5348 uon
1649 5311 1695 5360 pro
1709 5291 1925 5348 Pirmensibualrt«

340 5383 366 5438 ἐν
377 5384 497 5461 Πειραιεῖ
508 5384 562 5441 οὐδ’
578 5385 642 5465 ὑπέρ
659 5390 709 5444 τῶν
724 5387 817 5454 ἀδίκως
834 5391 1019 5468 ἀπολλυμένων
1037 5393 1114 5448 ἕστα-
1161 5412 1185 5446 se
1196 5396 1346 5457 discordare,
1358 5409 1486 5458 nequepro
1495 5395 1524 5445 lis
1534 5394 1574 5456 qul
1586 5393 1674 5454 injuste
1688 5379 1924 5446 rrrmtnrssoen.
