4467 6542
343 689 397 739 tit
652 676 790 737 ΛΥΣΙΟΥ
810 677 836 736 0
858 675 962 735 nunu
981 674 1056 736 ἹὩΝ
1077 674 1379 737 ΑΡΙΣΤΟΦΑΝΟΥΣ
1400 673 1622 736 xnuMsTuu.
1792 677 1932 755 (ass-esai

301 833 328 871 ην
339 832 397 883 νος,
410 808 462 865 τῶν
476 804 689 883 ὁμολογουμένων
700 804 805 871 δικαίως
814 806 994 884 ἀποφανθῆναι
1002 806 1047 861 ίιπ’
1062 804 1111 861 αὗ·
1159 812 1291 875 copiosiora
1307 811 1465 874 habebantur,
1486 823 1638 874 quorumque
1649 809 1795 874 computum
1811 813 1936 864 ritealreo

340 901 386 954 τοῦ
400 893 513 966 ἐκείνου,
525 891 728 952 πολλαπλασίων
745 892 887 950 δοκούντων
903 890 983 950 πλέον
998 888 1112 970 ήτρίτον
1157 901 1207 961 ipso
1232 902 1333 950 relatum
1350 900 1422 950 luisse
1439 901 1547 960 mustat,
1566 899 1662 948 tertiam
1677 901 1774 961 partam
1792 905 1934 963 eminent

341 982 417 1062 μέρος
431 978 594 1062 φαίνεταιτὸ
608 979 812 1058 Ἀριστοφάνους.
856 978 911 1038 Καί
929 980 958 1036 ού
974 980 1111 1055 προσλογι·
1161 987 1224 1036 bona
1237 987 1410 1049 Aristophanis.
1444 985 1936 1053 ltaqueblcadnnmerammqnmcmnqne

341 1070 436 1146 ζόμεθα
458 1067 507 1126 ὅσα
529 1066 605 1133 αὐτὸς
627 1069 652 1124 ἐν
679 1065 778 1145 Κύπρῳ
799 1065 860 1144 ἔσχε
886 1066 1051 1146 Νικόφημος,
1069 1064 1112 1123 ού·
1159 1075 1318 1137 nieopbcmus
1331 1075 1355 1124 in
1372 1078 1452 1137 cypro
1461 1074 1578 1136 possedit,
1594 1074 1933 1136 quumulnaberetnxoren

340 1179 387 1228 σης
398 1158 469 1235 αύτῷ
484 1158 537 1212 ἐκεῖ
548 1153 665 1232 γυναικὸς
678 1152 722 1211 καί
732 1152 865 1231 θυγατρός.
1158 1164 1182 1212 et
1191 1161 1272 1211 filiam.

379 1264 416 1303 aa.
438 1239 509 1317 Ἐγὼ
521 1239 568 1319 μέν
583 1242 629 1298 οὐκ
645 1239 724 1311 ἀξιῶ,
745 1229 767 1297 ῶ
781 1240 870 1318 ἄνδρες
888 1237 1025 1310 δικασταί,
1046 1237 1113 1297 οὕτω
1188 1253 1227 1298 la.
1242 1252 1308 1310 liogo
1320 1261 1363 1298 vos
1374 1248 1455 1311 igitur,
1464 1246 1571 1309 jndices,
1580 1259 1611 1296 ne
1624 1260 1682 1309 noa,
1692 1248 1730 1297 tot
1740 1249 1768 1298 et
1782 1250 1935 1312 tantaprole·

340 1329 425 1387 πολλὰ
451 1328 495 1387 καλ
520 1326 624 1404 μεγάλα
648 1325 777 1405 τεκμήρια
802 1325 1019 1405 παρασχομένους
1042 1330 1114 1401 ἡμᾶς
1157 1329 1496 1391 rentesargnmeata‚injuste
1505 1328 1706 1389 perditosvclitis.
1732 1330 1934 1382 Audivicnimea

341 1416 483 1476 ἀπολέσθαι
497 1416 599 1480 ἀδίκως.
654 1413 765 1483 Ἀκήκοα
779 1411 830 1492 γάρ
847 1414 928 1491 ἔγωγε
939 1413 984 1471 καλ
998 1418 1042 1470 τοῦ
1065 1435 1114 1469 πα·
1157 1419 1223 1479 palte
1233 1417 1333 1479 aliisque
1342 1418 1413 1465 atate
1423 1415 1755 1479 provectioribus‚quodnon
1766 1418 1935 1480 Ιιυάἰεσοίυω,

292 1504 399 1584 ιῡςςτρδς
410 1505 455 1562 καὶ
472 1502 557 1560 ἀλλων
570 1500 764 1580 πρεσύυτέρων,
778 1499 817 1558 ότι
835 1503 864 1558 ού
883 1505 928 1557 νῦν
946 1500 1031 1575 μόνον,
1046 1497 1114 1557 iiii
1157 1503 1327 1552 verumetiam
1344 1503 1402 1552 olim
1416 1501 1446 1551 de
1463 1501 1565 1550 aliorum
1581 1502 1682 1551 fortunis
1697 1505 1779 1553 vestre
1794 1518 1841 1555 vus
1859 1508 1937 1569 opinio

340 1589 385 1648 καὶ
405 1591 432 1647 ἐν
454 1591 491 1667 τῷ
503 1586 612 1666 πρόσθεν
632 1586 717 1664 χρόνῳ
735 1588 838 1644 πολλῶν
851 1585 992 1665 ἐψεύσθητε
1011 1588 1057 1654 τῆς
1070 1586 1112 1642 οὗ·
1157 1589 1239 1640 lelellil
1250 1609 1256 1639 ε
1269 1590 1311 1652 qui
1323 1589 1373 1638 vivi
1394 1589 1492 1651 quidem
1509 1589 1640 1651 locupletes
1655 1589 1818 1652 babebantnr,
1835 1607 1937 1655 quornm

341 1676 414 1747 σίας,
428 1674 473 1733 καὶ
495 1677 587 1741 ζῶντες
604 1672 651 1748 μέν
664 1673 783 1731 πλουτεῖν
798 1672 923 1744 ἐδόκουν,
945 1670 1114 1737 ἀποθανόντες
1157 1676 1237 1723 lemen
1257 1676 1408 1723 mortuorum
1419 1673 1535 1734 senlenge
1546 1674 1608 1722 intre
1622 1687 1690 1735 mem
1701 1679 1808 1725 vestram
1823 1678 1935 1729 nanee

341 1762 368 1821 δὲ
381 1761 447 1820 πολὺ
460 1758 532 1840 παρὰ
541 1758 588 1830 τὴν
599 1758 673 1826 δόξαν
687 1757 734 1828 τὴν
750 1757 875 1837 ὑμετέραν
886 1757 1026 1837 ἐφάνησαν.
1067 1759 1111 1834 (aa)
1158 1764 1206 1822 (bb)
1217 1762 1290 1812 Verbi
1302 1759 1668 1823 gratia,iscbomacbum‚dum
1680 1762 1793 1822 vivebat,
1806 1777 1891 1814 omues
1900 1778 1937 1814 af.

340 1847 442 1908 Αύτίκα
454 1845 616 1924 Ἰσχομάχῳ,
631 1844 678 1910 ἕως
692 1843 751 1916 ἔζη,
764 1843 858 1909 πάντες
867 1842 947 1921 ᾤοντο
957 1834 1023 1901 εἶναι
1035 1842 1113 1901 πλέον
1157 1850 1307 1899 bitrabantur
1317 1848 1405 1898 habere
1415 1848 1479 1897 ultra
1487 1848 1636 1910 septuaginta
1646 1850 1753 1911 menta,
1764 1853 1793 1900 ut
1801 1851 1889 1902 audio:
1899 1854 1938 1903 ille

340 1932 549 2008 ήέύδομήκοντα
570 1932 701 2007 τάλαντα,
715 1933 750 1996 ὡς
770 1927 821 2006 ἐγὼ
842 1927 936 1987 ἀκούω·
958 1928 1113 2006 ἐνειμάσθην
1157 1941 1239 1987 autem
1248 1940 1357 1998 mortuo,
1373 1938 1422 1986 lilio
1431 1938 1526 2000 utrique
1535 1952 1566 1987 ne
1574 1937 1658 1986 decem
1669 1938 1770 2000 quidem
1778 1938 1936 1989 talentaoon·

314 2020 368 2078 υδί
381 2018 419 2078 τῶ
438 2017 491 2077 υίέε
509 2016 567 2076 οὐδὲ
585 2016 647 2075 δέκα
667 2017 783 2075 τάλαντα
803 2015 916 2096 ἑκατέρω
931 2014 1114 2081 ἀποθανόντες.
1157 2019 1268 2082 ligarunt.
1280 2020 1429 2083 Stephanus,
1441 2021 1519 2070 Thalli
1536 2021 1613 2080 lilius,
1629 2021 1686 2083 plus
1698 2033 1773 2082 quam
1790 2023 1937 2084 septuaginta

341 2103 467 2186 Στεφάνῳ
480 2102 507 2161 δὲ
519 2106 556 2183 τῷ
569 2102 677 2163 Θάλλου
693 2101 795 2178 ἐλέγετο
810 2092 876 2158 εἶναι
895 2099 974 2159 πλέον
987 2100 1004 2172 ἢ
1015 2101 1112 2171 πεντή-
1157 2107 1246 2156 ldcnta
1256 2107 1381 2157 dicebatur
1392 2109 1539 2170 possedisse:
1553 2109 1663 2157 mortuus
1671 2108 1771 2170 rebquit
1784 2109 1881 2159 circiter
1892 2123 1936 2159 un·

340 2215 418 2250 κοντα
427 2190 573 2267 ταλάντων,
587 2188 757 2255 ἀποθανόντος
771 2189 820 2258 δή
834 2185 908 2245 οὐσία
918 2187 999 2269 ἐφάνη
1010 2188 1114 2267 περὶέν-
1156 2191 1243 2242 decim.
1276 2195 1327 2255 (li)
1338 2195 1411 2243 Nicias
1418 2194 1544 2244 facultates
1552 2195 1711 2244 credebantur
1720 2207 1770 2244 non
1778 2195 1938 2245 minoreseasa

340 2279 402 2336 δεκα
412 2278 539 2337 τάλαντα.
556 2278 600 2355 (ιι)
615 2274 650 2335 Ὁ
661 2276 744 2333 τοίνυν
752 2276 845 2335 Νικίου
857 2266 925 2340 οἶκος
939 2276 1113 2353 προσεδοκᾶτο
1156 2292 1229 2341 quam
1248 2281 1339 2330 talenta
1355 2283 1468 2341 eentum
1485 2283 1558 2342 atque
1576 2281 1661 2329 barum
1680 2279 1788 2340 plurima
1809 2279 1937 2342 par-ademi

340 2354 405 2421 εἶναι
422 2366 469 2422 οὐκ
488 2363 594 2421 ἔλαττον
608 2360 625 2431 ἢ
639 2359 729 2419 έκατδν
743 2360 896 2434 ταλάντων,
910 2359 1062 2418 καὶτούτων
1080 2360 1113 2418 τδι
1158 2365 1229 2412 erait
1247 2363 1371 2413 Niceratus
1391 2364 1464 2425 littus
1480 2363 1543 2412 filius
1558 2363 1608 2425 1³⁰¹
1620 2362 1754 2413 mistum
1768 2364 1901 2414 ‘ffiffl'fl
1912 2379 1938 2415 ⁸0

340 2450 424 2509 πολλὰ
438 2449 509 2508 ἔνδον
523 2440 565 2520 ἦν·
586 2447 733 2526 Νικήρατος
754 2448 777 2504 δ’
789 2445 826 2504 ὅτ’
842 2445 1014 2519 ἀπέθνησκεν,
1033 2447 1113 2526 ἀργύ-
1157 2449 1216 2498 ὓῑίθί
1233 2451 1286 2499 auri
1299 2453 1325 2501 θῐ
1339 2450 1430 2513 θΐῧθΰῑῑ
1448 2451 1596 2513 relinques&
1615 2452 1716 2512 mque
1731 2450 1793 2500 θύω
1813 2466 1852 2501 ΓΒ
1867 2466 1938 2515 tim

341 2559 394 2616 ρων
411 2534 458 2613 μὲν
470 2533 488 2606 ἢ
499 2533 607 2614 χρυσίον
621 2535 674 2591 οὐδ’
694 2532 770 2598 αὐτὸς
788 2532 837 2613 ἔφη
858 2536 1010 2591 καταλιπεῖν
1024 2534 1111 2612 οὐδέν,
1157 2535 1206 2586 filio
1223 2537 1324 2599 legavit,
1334 2551 1362 2587 ea
1371 2551 1419 2586 non
1428 2538 1502 2600 pluris
1516 2538 1650 2586 aestimatur
1661 2551 1736 2599 quam
1746 2540 1937 2600 quattuordecim

340 2621 407 2681 ἀλλά
422 2621 470 2693 τήν
488 2620 577 2680 ούσίαν
602 2619 635 2690 ἣν
655 2618 779 2677 κατέλιπε
803 2622 840 2698 τῷ
855 2621 923 2696 υἱεῖ,
946 2621 975 2676 ού
999 2620 1113 2687 πλείονος
1157 2624 1260 2680 θίοιιθο.
1293 2625 1342 2685 (ts)
1360 2625 1447 2674 callias
1464 2624 1551 2673 deinde
1564 2624 1628 2673 tilius
1643 2624 1787 2687 Hippouiei,
1806 2628 1938 2691 στήμων

301 2723 327 2761 ¹⁰
340 2708 399 2776 ἀξία
411 2705 652 2784 ἀστὶνήτεττάρων
662 2705 707 2763 καὶ
716 2703 779 2762 δέκα
793 2704 937 2764 ταλάντων.
981 2706 1025 2783 (aa)
1043 2709 1114 2765 Καλ-
1156 2711 1618 2774 nupcrmorluo‚liabcbaturomnium
1635 2714 1778 2762 Graeciam
1794 2713 1937 2777 ditissimus,

340 2796 396 2861 λίας
410 2794 492 2853 τοίνυν
508 2796 522 2851 δ
537 2791 703 2862 Ἱππονίκου,
722 2788 765 2848 ὅτε
777 2790 869 2849 νεωστί
892 2790 1021 2861 ἐτεθνήκει
1035 2796 1113 2851 δπα·
1157 2798 1273 2860 cujusqne
1283 2811 1356 2859 arus,
1373 2799 1408 2848 uti
1425 2798 1496 2860 dicit,
1515 2811 1568 2847 rem
1585 2811 1652 2847 suam
1670 2798 1814 2849 tantitatem
1832 2802 1938 2852 ducalis

338 2882 405 2961 τήρ,
428 2883 540 2938 πλεῖστα
560 2882 611 2937 τῶν
631 2877 766 2949 Ἑλλήνων
790 2877 873 2936 ἐδόκει
893 2881 1048 2951 κεκτῆσθαι,
1067 2880 1112 2937 καλ
1157 2884 1252 2933 talentis
1269 2884 1410 2944 aestimavit,
1427 2896 1492 2932 nunc
1506 2897 1538 2933 ne
1554 2884 1657 2934 duorum
1675 2885 1775 2947 qraidem
1793 2889 1937 2939 talentorum

338 2969 373 3034 ὥς
395 2990 472 3047 φησι,
495 2963 632 3023 διακοσίων
661 2963 795 3021 ταλάντων
825 2963 968 3039 ἐτιμήσατο
994 2967 1074 3022 αὐτοῦ
1098 2970 1112 3023 b
1156 2985 1254 3022 censum
1266 2973 1353 3023 liabero
1362 2973 1522 3025 existimatur.
1554 2974 1729 3036 cleophontem
1740 2989 1829 3027 omnes
1843 2979 1937 3028 novistis

338 3054 453 3119 πάππος·
466 3051 496 3110 τδ
515 3049 606 3109 τούτου
619 3050 703 3108 τοίνυν
714 3049 808 3125 τίμημ’
825 3049 882 3108 οὐδὲ
897 3050 965 3108 δυοῖν
975 3050 1112 3109 ταλάντοιν
1157 3060 1269 3109 universa
1282 3061 1417 3123 reipublicae
1429 3059 1491 3111 bonu
1507 3060 1643 3124 perplures
1659 3073 1736 3110 annos
1746 3062 1935 3129 administrarem

339 3140 403 3201 ἐστί.
449 3142 606 3218 Κλεοφῶντα
621 3135 648 3195 δὲ
661 3136 755 3202 πάντες
766 3135 836 3209 ἴστε,
852 3136 893 3193 ὅτι
906 3136 991 3195 πολλὰ
1004 3137 1048 3210 ἔτη
1062 3140 1111 3197 διε·
1156 3147 1283 3208 putabatur
1294 3161 1390 3209 quoque
1401 3148 1514 3211 grandem
1531 3146 1656 3212 pecuniam
1675 3161 1707 3196 ea
1726 3148 1864 3201 bonoribus
1878 3166 1935 3215 quos

338 3227 436 3307 χείρισε
448 3224 481 3285 τδ
495 3230 541 3297 τῆς
554 3224 652 3290 πόλεως
672 3223 759 3281 πάντα
779 3223 823 3282 καί
845 3227 1020 3303 προσεδοκᾶτο
1040 3226 1109 3301 πάμ-
1155 3236 1257 3294 gesserat
1265 3234 1385 3296 collegisse
1396 3255 1402 3283 ε
1415 3235 1628 3301 (Ιοιυοτίιιίευιεω
1638 3233 1702 3285 buna
1713 3248 1836 3299 nusquam
1847 3254 1935 3303 eompa-

339 3315 424 3371 πολλα
438 3316 467 3372 ἐκ
479 3317 526 3383 τῆς
540 3314 622 3391 ἀρχῆς
633 3310 710 3389 ἔχειν·
726 3309 897 3377 ἀποθανόντος
909 3310 931 3368 δ’
943 3312 1023 3369 αὐτοῦ
1037 3314 1111 3371 σύδα-
1155 3326 1269 3383 ruerunt,
1286 3322 1416 3384 affinesque
1429 3325 1454 3372 et
1465 3324 1624 3386 propinquos,
1639 3324 1821 3385 qiribusomnia
1832 3328 1933 3390 renuit,

301 3422 325 3461 rs
339 3405 388 3476 μοῦ
401 3402 467 3471 δῆλα
481 3400 514 3457 τὰ
528 3399 669 3478 χρήματα,
683 3396 750 3455 ἀλλά
766 3396 811 3455 καὶ
830 3402 854 3456 οἱ
869 3397 1043 3478 προσήκοντες
1066 3400 1111 3459 καὶ
1155 3411 1248 3457 constat
1261 3422 1443 3471 assepauperes.
1475 3410 1620 3473 (luiltaqne
1629 3414 1753 3473 patetnos
1769 3413 1847 3478 decipi
1862 3426 1934 3479 ασσω

338 3488 361 3543 ol
373 3484 507 3556 κηδεσταί,
523 3486 585 3563 παρ’
601 3475 637 3549 οἷς
651 3483 797 3557 κατέλιπεν,
812 3484 1023 3561 ὁμολογουμένως
1034 3486 1111 3557 πένη·
1154 3496 1216 3543 οἰισσ
1225 3508 1266 3544 eos
1276 3496 1318 3558 qui
1326 3496 1378 3556 jarn
1387 3496 1520 3558 antiquitus
1528 3497 1688 3561 diteeecbant,
1703 3502 1758 3549 tnrn
1772 3514 1830 3564 erga
1839 3516 1880 3552 eos
1894 3504 1933 3565 qni

337 3571 379 3639 τίς
393 3574 451 3630 τίσι.
494 3570 537 3649 (ιι)
555 3570 709 3647 Φαινόμεθα
724 3571 754 3641 δή
770 3570 813 3628 καί
828 3575 879 3629 τῶν
893 3570 1109 3651 ἀρχαιοπλούτων
1154 3583 1267 3643 nuperius
1275 3581 1413 3631 dividuum
1429 3584 1492 3632 lama
1505 3584 1694 3636 innotescebant.
1728 3588 1807 3649 cuins
1820 3591 1853 3639 rei
1868 3603 1934 3639 οιυει

338 3658 403 3717 πολὺ
419 3659 571 3738 ἐψευσμένοι
587 3657 693 3716 καὶτῶν
710 3657 802 3715 νεωστί
811 3656 882 3736 παρὰ
894 3658 923 3716 τὸ
937 3659 1003 3725 εἰκδς
1013 3662 1038 3716 ἐν
1050 3660 1109 3739 δόξῃ
1154 3669 1213 3717 mini
1228 3669 1322 3718 videtur
1333 3682 1397 3732 esse,
1416 3669 1592 3732 quodquidam
1602 3673 1693 3721 temere
1711 3673 1835 3725 affirmare
1849 3676 1933 3726 auderi

336 3745 525 3823 γεγενημένων.
568 3743 658 3803 Λίτιον
673 3743 700 3801 δέ
721 3767 764 3819 μοι
777 3746 845 3802 δοκεῖ
861 3735 944 3816 εἶναι,
958 3745 998 3803 ὅτι
1017 3747 1111 3824 ῥᾳδίως
1154 3752 1272 3804 truncant
1284 3756 1352 3805 illum
1364 3757 1789 3821 multatalentacgestisbonoribus
1802 3764 1930 3813 οοιττοίσεο.

336 3833 402 3896 τινὲς
411 3834 528 3906 τολμῶσι
541 3829 624 3906 λέγειν
635 3834 669 3895 ὡς
680 3835 693 3888 ὁ
703 3832 772 3889 δεῖνα
786 3831 840 3910 ἔχει
854 3832 970 3890 τάλαντα
983 3831 1068 3890 πολλά
1081 3837 1110 3891 ἐκ
1155 3843 1185 3890 Et
1196 3856 1250 3902 qrrae
1265 3842 1295 3893 dc
1308 3844 1409 3893 mortuis
1425 3844 1613 3906 pradicantnon
1623 3845 1756 3897 admodum
1768 3850 1851 3912 miror,
1861 3864 1932 3913 quum

337 3922 384 3988 τῆς
404 3919 495 3995 ἀρχῆς.
545 3917 600 3976 Καὶ
614 3914 663 3972 ὅσα
683 3916 730 3991 μέν
744 3917 804 3996 περὶ
821 3917 965 3976 τεθνεώτων
980 3918 1109 3997 λέγουσιν,
1154 3927 1184 3976 ab
1201 3928 1246 3977 illis
1263 3930 1933 3994 nonpossintredargui‚sedquceinvivoslalsodicere

337 4006 366 4062 ού
379 4004 446 4061 πάνυ
461 4002 585 4077 θαυμάζω
601 4004 646 4078 (ab
655 4002 706 4081 γδιρ
716 4002 766 4061 ύπό
780 4026 808 4079 γε
826 4004 929 4062 ἐκείνων
940 4004 1110 4084 ἐξελεγχθεῖεν
1153 4015 1328 4077 aggrediuntur.
1361 4018 1410 4078 (50)
1431 4020 1480 4066 Vos
1493 4018 1557 4066 enirn
1571 4031 1648 4081 nuper
1666 4020 1691 4068 in
1710 4022 1829 4073 concione
1846 4024 1932 4072 andivi-

298 4114 326 4152 το
338 4090 396 4168 ἀν),
408 4090 466 4147 ἀλλ’
481 4088 529 4145 ὅσα
541 4088 641 4155 ζώντων
662 4093 820 4167 ἐπιχειροῦσι
836 4092 1051 4168 καταψεύδεσθαι.
1063 4095 1107 4170 (so)
1153 4102 1208 4162 stis,
1221 4103 1352 4151 Diutirnum
1365 4117 1379 4152 a
1395 4104 1599 4155 auriculatoribus
1608 4108 1633 4155 et
1649 4110 1825 4160 mercatoribus
1836 4110 1931 4173 quadra·

337 4176 418 4238 Αὐτοὶ
431 4173 482 4253 γάρ
497 4173 604 4253 ἔναγχος
617 4175 723 4244 ἠκούετε
736 4178 762 4232 ἐν
773 4182 805 4255 τῇ
818 4179 958 4255 ἐκκλησίᾳ,
972 4183 1007 4243 ὡς
1019 4179 1110 4239 Διότι-
1153 4189 1217 4250 ginta
1230 4190 1319 4238 taleida
1336 4190 1438 4252 coegisse
1454 4191 1519 4239 ultra
1536 4205 1610 4254 quam
1626 4193 1677 4254 ipse
1692 4196 1837 4255 σαηοοσεδσί
1849 4217 1855 4247 :
1866 4198 1930 4248 illurn

338 4284 386 4338 pa<
407 4260 464 4341 ἔχοι
477 4260 594 4317 τάλαντα
611 4260 802 4339 τετταράκοντα
824 4263 906 4320 πλείω
927 4263 944 4332 ἣ
965 4262 1014 4321 όσα
1035 4265 1110 4331 αὐτὸς
1153 4278 1233 4324 tanim
1257 4278 1362 4325 Athenas
1384 4289 1521 4338 reversum,
1545 4278 1663 4327 actionem
1679 4278 1846 4332 instituentem
1863 4287 1931 4347 atque

336 4346 544 4427 ὡμολόγειπαρά
554 4350 605 4404 τῶν
613 4348 765 4427 ναυκλήρων
773 4349 955 4429 καὶέμπόρων·
964 4352 1008 4408 καὶ
1019 4358 1109 4423 ταῦτα,
1153 4374 1215 4423 agre
1240 4362 1354 4411 terentem
1377 4362 1443 4424 quod
1463 4362 1549 4412 absens
1572 4377 1615 4425 per
1634 4364 1750 4425 injuriam
1775 4368 1929 4430 incusaretur,

337 4435 426 4506 ἀπιιδή
443 4427 537 4506 ήλθεν,
551 4434 648 4492 ἐκείνου
661 4435 854 4515 ἀπογράφοντος
866 4437 910 4494 καί
924 4439 1047 4515 χαλεπῶς
1061 4438 1110 4519 φέ-
1153 4461 1223 4497 nemo
1235 4450 1353 4510 convicit,
1366 4463 1442 4510 quum
1453 4451 1478 4498 ct
1491 4450 1624 4524 respublica
1637 4454 1746 4514 pecuniis
1762 4456 1891 4520 indigeret,
1907 4461 1930 4506 cl

338 4544 422 4603 ροντος
432 4522 472 4581 ὅτι
490 4519 564 4580 ἀπὼν
574 4520 741 4592 διεύάλλετο,
755 4522 837 4589 οὐδεὶς
849 4523 976 4602 ἐξήλεγξε,
989 4524 1110 4600 δεομένης
1153 4536 1202 4596 ipse
1213 4538 1311 4597 paratus
1320 4538 1382 4585 esset
1392 4536 1422 4584 ad
1436 4537 1539 4586 rationes
1548 4537 1687 4588 reddendas.
1719 4540 1772 4604 (51)
1782 4544 1930 4595 considerate

338 4608 385 4688 μίν
393 4615 440 4682 τῆς
453 4609 552 4675 πόλεως
561 4608 717 4689 χρημάτων,
729 4610 856 4677 ίθελοντος
867 4609 894 4669 δὲ
900 4612 997 4669 ἐκείνου
1003 4612 1109 4689 λσγίσα·
1153 4620 1224 4681 igitur
1234 4621 1293 4683 quid
1306 4622 1519 4683 tonsuratorum,
1530 4624 1549 4672 si
1560 4623 1677 4685 Diolimo,
1688 4638 1763 4687 quem
1772 4630 1930 4680 omnesaue

336 4702 405 4757 σθαι.
420 4699 463 4777 (ur)
476 4696 646 4772 Ἐνθυμεῖσθε
660 4695 744 4754 τοίνυν
756 4688 809 4755 οἷον
820 4697 850 4755 διν
859 4697 975 4774 ἐγένετο,
991 4702 1014 4757 εἰ
1031 4699 1110 4770 Ἀθη-
1153 4708 1245 4756 aienses
1260 4707 1387 4758 audierant
1398 4708 1554 4772 quadraginta
1569 4711 1658 4759 tdenta
1672 4725 1747 4773 penes
1763 4728 1790 4763 se
1801 4717 1878 4778 ipsum
1893 4717 1929 4764 br·

295 4799 322 4839 aa
336 4785 413 4843 ναίων
428 4783 553 4858 ἀπάντων
567 4782 716 4854 ἀκηκοότων
731 4781 772 4841 ότι
787 4784 977 4863 τετταράκοντα
991 4785 1107 4843 τάλαντα
1153 4794 1224 4857 bere,
1236 4796 1326 4858 aliquid
1340 4797 1478 4848 humanitus
1486 4796 1611 4847 accidisset
1625 4798 1766 4862 priusquam
1775 4802 1824 4852 buc
1833 4807 1929 4852 reverte·

336 4870 392 4949 ἔχοι
406 4870 536 4947 Διότιμος,
552 4862 701 4929 streitruit
716 4894 742 4929 τι
758 4870 818 4950 πρὶν
834 4874 1013 4930 καταπλεῦσαι
1027 4874 1108 4951 δεῦρο.
1154 4886 1233 4943 retur;
1245 4886 1298 4932 tum
1308 4884 1360 4944 ejus
1366 4885 1494 4946 propinqui
1504 4885 1527 4933 in
1536 4885 1642 4934 maximo
1655 4893 1811 4938 uersarentur
1820 4888 1928 4952 periculo,

335 4950 402 5018 Εἶτα
409 4961 432 5016 οἱ
441 4956 613 5036 προσήκοντες
626 4956 657 5015 διν
667 4960 745 5016 αὐτοῦ
756 4961 781 5016 ἐν
795 4957 903 5037 κινδύνῳ
912 4950 979 5029 ήσαν
990 4962 1026 5037 τῷ
1040 4960 1110 5037 μεγί·
1154 4969 1219 5030 quod
1228 4970 1284 5031 ipsis
1297 4970 1490 5032 respondendum
1499 4973 1561 5020 esset
1572 4970 1603 5021 ad
1613 4972 1706 5021 annm
1722 4974 1883 5037 calumniam,
1894 4990 1929 5025 ra·

336 5048 435 5123 στῳ,εἰ
448 5046 499 5103 ἔδει
514 5044 678 5123 αθτούςπρδς
693 5045 822 5116 τοσαύτην
837 5046 960 5117 διαύσλήν
974 5049 1110 5124 ἀπολογεῖ·
1154 5070 1207 5105 rum
1217 5060 1338 5119 gestarum
1355 5059 1414 5108 nillil
1433 5058 1747 5121 exploratumlrabcntibus.
1781 5064 1928 5113 ceternmln

335 5137 407 5203 σθαι,
421 5130 457 5207 μή
472 5131 569 5197 εἰδότας
582 5133 662 5207 μηδὲν
673 5136 724 5191 τῶν
741 5132 940 5213 πεπραγμένων.
971 5134 1055 5192 Ainea
1066 5126 1109 5191 οὖν
1152 5158 1222 5193 eausa
1238 5149 1294 5194 sunt
1312 5159 1356 5195 cur
1375 5159 1419 5195 vos
1439 5146 1464 5195 ln
1480 5146 1563 5195 mullis
1578 5145 1743 5209 decipiamini,
1762 5152 1837 5211 atque
1860 5150 1928 5200 etum

334 5221 384 5277 τίσι
402 5218 447 5275 καὶ
459 5221 633 5294 spiritalius
650 5221 700 5292 ήδη
710 5224 853 5301 ψευσθῆναι
865 5220 909 5279 καὶ
922 5220 953 5291 δή
973 5222 1067 5287 ἀδίκως
1079 5222 1108 5298 γέ
1153 5232 1260 5282 nonnulli
1281 5234 1349 5283 lacile
1365 5234 1504 5295 [κατίωμεν
1517 5233 1657 5296 perdantur,
1675 5234 1811 5284 istiusmodi
1825 5237 1933 5286 bomina

334 5328 404 5373 τινας
416 5305 508 5385 ρφδίως
523 5306 663 5365 ἀπολέσθαι
674 5310 697 5364 οἱ
710 5310 855 5383 τολμῶντες
866 5307 1004 5387 ψεύδεσθαι
1015 5307 1059 5365 καὶ
1069 5330 1109 5366 συ·
1153 5320 1194 5381 qui
1210 5322 1234 5369 el
1243 5321 1337 5369 mentiri
1352 5320 1469 5382 audmnt,
1488 5323 1512 5370 ct
1532 5323 1623 5369 ceteros
1645 5319 1761 5371 studeant
1779 5322 1839 5372 talao
1854 5322 1932 5373 nini·

297 5400 468 5474 οοκοφαντεῖν
477 5392 623 5473 ἀνθρώπους
633 5396 823 5471 ἐπιθυμοῦντες.
853 5394 1013 5474 (ου)’ίῖπειτ’
1023 5395 1110 5472 οἴομαι
1155 5407 1215 5456 nari.
1249 5407 1346 5469 (suiad
1364 5407 1475 5459 baecnon
1490 5408 1598 5471 ignorare
1613 5420 1657 5457 ros
1672 5407 1940 5462 arbitrordlcabtuln
