4467 6542
687 732 799 793 αεὶ

683 866 787 919 τῶν
830 862 1087 930 διαθηκῶν
1113 856 1244 916 ἀλλὰ
1274 857 1361 915 καὶ
1400 857 1519 936 περὶ
1556 863 1644 915 τοῦ
1672 855 1844 933 γένους
1885 855 2036 931 λόγον
2067 855 2222 933 ἐμὸε·

685 947 955 1018 ίλήκασιν.

763 1055 808 1093 7.
850 1035 965 1092 Οὔκ
994 1035 1051 1091 ἐκ
1074 1030 1266 1089 τούτων
1296 1028 1348 1088 δὲ
1376 1028 1529 1104 μόνον
1558 1029 1751 1106 γνοίητ’
1779 1028 1841 1086 ἂν
1866 1028 1943 1088 ὅτι
1973 1031 2120 1089 ἄλλοι
2142 1054 2224 1088 τι·-

684 1118 764 1185 νές
794 1122 921 1177 εἰσιν
967 1122 1014 1178 οἱ
1054 1124 1216 1175 ταῦτα
1252 1116 1337 1175 ἐπὶ
1364 1116 1599 1174 τουτουσὶ
1635 1117 1941 1192 ἐπάγοντες,
1972 1116 2106 1175 ἀλλὰ
2134 1116 2223 1174 καὶ

684 1207 744 1262 ἐκ
772 1208 873 1262 τῶν
896 1209 1010 1263 κατ’
1040 1204 1205 1283 ἀρχὰς
1239 1202 1613 1281 γεγενημένων.
1698 1202 1791 1267 Τίς
1832 1201 1931 1282 γὰρ
1961 1206 2053 1262 οὐκ
2095 1206 2223 1261 ἀπε-

682 1290 919 1370 κείρατο,
958 1291 1134 1361 ἐπειδὴ
1154 1288 1226 1348 τὼ
1254 1290 1343 1347 δύο
1381 1289 1620 1347 ταλάντω
1649 1288 1700 1355 ἐξ
1737 1288 1896 1359 Ἄκης
1924 1290 2162 1363 ἤλθετον,
2188 1289 2221 1361 ἢ

608 1403 657 1442 to
683 1376 757 1445 τίς
781 1380 837 1436 οὗ
862 1378 1025 1454 μέλαν
1067 1376 1273 1452 ἱμάτιον
1303 1376 1573 1456 ἑφόρησεν,
1602 1379 1671 1443 ὡς
1694 1376 1778 1434 διὰ
1804 1376 1863 1435 τὸ
1886 1376 2068 1445 πένθος
2094 1381 2223 1450 κλη-

684 1465 981 1545 ρονομήσων
1005 1469 1095 1537 τῆς
1133 1465 1338 1542 οὗσίαςς
1380 1465 1457 1524 Ἦ
1499 1465 1650 1522 πόσοι
1693 1474 1955 1542 συγγενεῖς
1982 1467 2069 1524 καὶ
2103 1468 2224 1533 υἱεῖς

679 1552 815 1610 κατὰ
843 1552 982 1610 δόσιν
1013 1553 1457 1631 προσεποιήσαντο
1485 1555 1586 1610 τῶν
1618 1554 1668 1612 N
1676 1552 2005 1629 ικοστράτου,
2032 1555 2221 1631 (8)Δη·

678 1638 926 1715 μοσθένης
975 1639 1070 1714 μέν
1107 1662 1165 1717 γε
1194 1640 1494 1718 ἀδελφιδοῦς
1532 1638 1629 1718 ἔφη
1670 1641 1813 1719 αὐτῷ
1846 1630 2002 1711 εἶναι,
2043 1642 2219 1711 ἐπειδὴ

678 1728 723 1783 δ’
747 1726 1033 1804 ἐξηλέγχθη
1066 1726 1166 1784 ὑπὸ
1189 1725 1405 1796 τούτων,
1430 1723 1659 1797 ἀπέστη·
1702 1727 1937 1803 Τήλεφος
1967 1725 2018 1783 δὲ
2046 1728 2222 1784 δοῦναι

678 1816 818 1893 αὑτῷ
850 1813 1200 1891 Νικόστρατον
1239 1812 1448 1870 ἅπαντα
1484 1813 1549 1869 τὰ
1592 1815 1805 1869 ἑαυτοῦ·
1847 1812 1936 1869 καὶ
1980 1806 2123 1879 οὗτος
2161 1816 2218 1871 οὗ

675 1900 853 1979 πολλῷ
895 1898 1106 1977 ὕστερον
1135 1898 1422 1957 ἐπαύσατο.
1505 1897 1803 1973 Ἄμινιάδης
1839 1896 1894 1955 δὲ
1933 1899 2039 1957 υἱὸν
2080 1901 2220 1979 αὐτῷ

674 1986 799 2064 πρὸς
817 1983 904 2043 τὸν
934 1986 1161 2064 ἄρχοντα
1189 1979 1313 2056 ἧκεν
1341 1984 1480 2057 ἄγων
1506 1984 1620 2042 οὐδὲ
1646 1989 1822 2063 τριετῆ
1844 1985 2111 2063 γεγονότα,
2129 1986 2219 2043 καὶ

624 2097 648 2133 5
674 2072 818 2130 ταῦτ’
835 2074 927 2130 οὒκ
944 2070 1378 2147 ἐπιδεδημηκότας
1400 2076 1489 2129 τοῦ
1510 2070 1862 2150 Νικοστράτου
1889 2071 2069 2129 ἕνδεκα
2091 2076 2217 2131 ἐτῶν

676 2159 931 2231 Ἀθήνησι.
1014 2160 1081 2236 (9)
1107 2160 1307 2238 Πύρρος
1336 2158 1390 2216 δὲ
1413 2162 1440 2216 ὁ
1465 2158 1777 2237 Λαμπτρεὺς
1805 2162 1868 2236 τῇ
1900 2159 1991 2234 μὲν
2034 2158 2220 2240 Ἀθηνᾷ

673 2245 771 2323 ἔφη
804 2243 870 2302 τὰ
898 2243 1148 2323 χρήματα
1175 2245 1273 2303 ὑπὸ
1289 2245 1644 2324 Νικοστράτου
1673 2249 2045 2325 καθιερῶσθαι,
2075 2250 2218 2326 αὑτῷ
2256 2297 2258 2300 .

676 2333 720 2388 δ’
749 2331 835 2389 ὑπ’
866 2334 1022 2389 αὐτοῦ
1052 2331 1251 2389 ἐκείνου
1276 2331 1529 2390 δεδόσθαι.
1619 2334 1817 2402 Κτῆσις
1835 2333 1881 2388 δ’
1907 2335 1934 2389 ὃ
1964 2333 2219 2403 Βησαιεὺς

672 2420 763 2476 καὶ
789 2418 1027 2497 Κραναὸς
1067 2418 1125 2476 τὸ
1152 2416 1243 2494 μὲν
1280 2423 1485 2496 πρῶτον
1515 2419 1659 2490 δίκην
1684 2418 1880 2498 ἔφασαν
1922 2423 2011 2476 τοῦ
2051 2422 2219 2480 Νικο-

673 2504 895 2583 στράτου
920 2507 1173 2563 ταλάντου
1201 2503 1669 2574 καταδεδικάσθαι,
1695 2504 1868 2574 ἐπειδὴ
1890 2506 1936 2562 δ’
1965 2508 2056 2563 οὐκ
2079 2497 2217 2584 εἶχον

670 2596 823 2649 τοῦτο
868 2590 1160 2661 ἀποδεῖξαι,
1206 2589 1544 2666 ἀπελεύθερον
1587 2588 1739 2647 αὗτὸν
1786 2594 1980 2649 ἑαυτῶν
2027 2616 2219 2672 προσε-
2255 2648 2256 2651 ,

593 2697 647 2735 20
673 2676 956 2748 ποιήσαντο
983 2668 1145 2734 εἶναι·
1182 2675 1271 2734 καὶ
1296 2677 1401 2733 οὐδ’
1448 2667 1588 2734 οὗτοι
1629 2676 1662 2733 ἃ
1704 2676 1880 2753 ἔλεγον
1924 2678 2214 2747 ἀπέδειξαν.

672 2766 760 2841 (10)
794 2763 901 2823 Καὶ
934 2768 980 2822 οἱ
1010 2762 1101 2840 μὲν
1119 2762 1260 2829 εὗθὺς
1284 2761 1420 2820 κατὰ
1442 2760 1504 2819 τὰ
1528 2765 1712 2842 πρῶτα
1740 2763 1826 2821 ἐπὶ
1841 2764 1905 2821 τὰ
1928 2764 2217 2846 Νικοστρά-
2307 2811 2566 2859 Chariades
2582 2814 2744 2859 autem
2764 2813 2867 2860 tum
2891 2811 3082 2874 quidem
3103 2826 3207 2861 eam
3226 2815 3553 2876 'impetebat’
3573 2818 3855 2879 posmodum

669 2875 759 2910 του
790 2851 994 2931 ᾄξαντες
1018 2842 1155 2909 οὗτοί
1192 2852 1317 2908 εἶσι·
1345 2850 1616 2929 Χαριάδης
1635 2847 1688 2907 δὲ
1722 2851 1836 2909 τότε
1859 2850 1952 2927 μὲν
1990 2854 2216 2929 οὐδαμοῦ

670 2938 1087 3020 ἠμφισὸήτησεν,
1117 2936 1327 3016 ὕστερον
1355 2937 1409 2994 δὲ
1437 2938 1494 2996 οὗ
1525 2937 1676 3012 μόνον
1709 2938 1861 3004 αὐτὸς
1880 2937 2014 2996 ἀλλὰ
2043 2939 2132 2997 καὶ
2159 2941 2218 2998 τὸ
2255 2952 2256 2987 ἶ

673 3028 729 3083 ἐκ
753 3030 843 3095 τῆς
888 3024 1095 3104 ἑταίρας
1124 3026 1327 3082 παιδίον
1361 3025 1601 3082 εἰσποιῶν
1648 3015 1789 3095 ἦλθε.
1872 3028 2041 3085 Τοῦτο
2080 3028 2125 3084 δ’
2154 3018 2216 3099 ἦν
2255 3060 2256 3067 1

671 3114 814 3193 αὐτῷ
831 3115 899 3178 ὡς
922 3112 956 3182 ἢ
984 3115 1085 3169 τῶν
1104 3111 1389 3192 χρημάτων
1420 3111 1910 3190 κληρονομήσοντιῆ
1933 3113 1992 3171 τὸ
2013 3115 2216 3173 παιδίον

671 3199 825 3257 ἀστὸν
848 3198 1129 3269 ποιήσοντι.
1215 3198 1526 3275 Αἰσθόμενος
1542 3197 1596 3256 δὲ
1625 3197 1714 3256 καὶ
1731 3190 1873 3264 οὗτος
1885 3197 1963 3257 ὅτι
1986 3198 2104 3279 περὶ
2127 3206 2214 3259 τοῦ

669 3285 844 3362 γένους
872 3287 1262 3363 ἐλεγχθήσοιτο,
1293 3285 1386 3356 τὴν
1413 3286 1507 3360 μὲν
1537 3291 1625 3345 τοῦ
1646 3286 1854 3345 παιδίου
1881 3287 2215 3366 ἀμφισὸήτη-

590 3397 645 3436 25
672 3395 753 3432 σιν
774 3372 1085 3454 παρέλυσεν,
1116 3376 1284 3452 ἑαυτῷ
1320 3373 1372 3431 δὲ
1403 3371 1540 3431 κατὰ
1569 3374 1709 3431 δόσιν
1736 3374 2187 3453 παρακατέὸαλεν.

751 3480 819 3520 ιι.
870 3460 1069 3539 Ἐχρῆν
1112 3460 1207 3536 μὲν
1241 3454 1351 3536 οὖν,
1395 3450 1439 3517 ‹T›
1478 3460 1685 3539 ἄνδρες,
1712 3461 1851 3527 ὅστις
1889 3459 2023 3519 κατὰ
2074 3462 2215 3521 δόσιν

667 3546 956 3627 χρημάτων
977 3546 1320 3626 ἀμφισόητῶν
1338 3544 1581 3617 ἡττηθείη
1596 3591 1611 3618 ,
1638 3546 1710 3623 μὴ
1731 3545 1866 3605 κατὰ
1885 3548 1943 3605 τὸ
1962 3546 2104 3614 τέλος
2124 3553 2214 3620 ζη-
2260 3598 2264 3619 ·,

671 3637 940 3710 μιοῦσθαι,
965 3635 1081 3691 ἀλλ’
1109 3634 1186 3713 ἐφ’
1215 3632 1311 3691 ὅσα
1337 3655 1435 3712 περ
1455 3631 1745 3712 ληψόμενος
1763 3633 1870 3712 ᾔει,
1899 3639 2125 3692 τοσαῦτα
2151 3640 2215 3714 τῇ
2263 3704 2264 3723 γ

667 3719 819 3778 πόλει
848 3719 1134 3777 ἀποτίνειν·
1181 3718 1315 3777 οὕτω
1341 3717 1442 3798 γὰρ
1463 3718 1524 3776 ἂν
1555 3719 1661 3777 οὗθ’
1698 3723 1744 3777 οἱ
1768 3720 1916 3797 νόμοι
1956 3744 2214 3801 κατεφρο-

666 3812 844 3864 νοῦντο
869 3806 984 3864 οὔτε
1005 3804 1070 3863 τὰ
1093 3804 1215 3881 γένη
1242 3806 1474 3885 ὑὸρίζετο
1496 3808 1620 3886 πρὸς
1651 3806 1862 3878 τούτων,
1888 3809 1993 3865 οὐδ’
2024 3808 2085 3866 ἂν
2109 3814 2212 3867 τῶν

665 3893 952 3951 τεθνεώτων
980 3890 1143 3958 οὐδεὶς
1174 3894 1534 3972 κατεψεύδετο.
1616 3893 1834 3965 Ἐπειδὴ
1856 3893 1909 3952 δὲ
1939 3895 2105 3953 ἅπασι
2125 3896 2213 3954 καὶ

666 3983 768 4037 τῶν
807 3979 1090 4058 ἀλλοτρίων
1139 3979 1404 4050 ἁπάντων,
1447 3984 1563 4038 καθ’
1592 3979 1622 4038 8
1659 4004 1709 4039 τι
1740 3982 1800 4039 ἄν
1828 4005 1903 4046 τις
1934 3982 2212 4060 βούληται,

583 4086 648 4125 30
668 4065 1011 4146 ἅμφισὸητεῖν
1049 4065 1260 4137 ἔξεστιν,
1307 4070 1440 4144 ὑμᾶς
1475 4070 1576 4146 χρὴ
1618 4068 1738 4148 περὶ
1782 4072 1948 4127 αὐτῶν
1994 4073 2062 4136 ὡς
2107 4062 2211 4129 οἶόν

664 4153 709 4211 τ’
739 4154 1091 4231 ἅκριὸέστατα
1137 4153 1386 4221 ἐξετάζειν
1411 4155 1499 4212 καὶ
1532 4153 1692 4231 μηδὲν
1734 4159 1803 4219 εἰς
1844 4156 1960 4214 ὅσον
1997 4156 2211 4217 δύνασθε

664 4241 1023 4320 παραλείπειν.
1084 4238 1172 4319 (12)
1201 4240 1291 4299 Ἐν
1318 4240 1497 4316 μόναις
1522 4242 1575 4298 δὲ
1600 4245 1711 4307 ταῖς
1723 4245 1826 4299 τῶν
1846 4242 2050 4321 κλήρων
2068 4246 2210 4302 εἷσα-

662 4336 852 4404 γωγαῖς
877 4328 1016 4386 δοκεῖ
1037 4351 1125 4403 μοι
1147 4327 1423 4404 προσήκειν
1459 4327 1755 4405 τεκμηρίοις
1778 4334 1975 4402 μᾶλλον
2012 4330 2045 4399 ἢ
2069 4331 2210 4409 μάρ-

661 4439 778 4475 τυσι
796 4416 1074 4476 πιστεύειν.
1168 4417 1300 4495 Περὶ
1329 4415 1422 4492 μὲν
1440 4414 1539 4493 γὰρ
1557 4420 1660 4475 τῶν
1681 4415 1852 4474 ἄλλων
1878 4417 2209 4492 συμόολαίων

662 4506 720 4562 οὗ
747 4504 884 4562 πάνυ
905 4503 1139 4583 χαλεπὸν
1162 4502 1278 4569 τοὺς
1302 4502 1369 4561 τὰ
1384 4505 1547 4582 ψευδῆ
1565 4509 1949 4582 μαρτυροῦντας
1967 4505 2210 4584 ἐλέγχειν·

1412 727 1674 787 mator
1714 727 1762 785 Ο
1808 727 1984 786 ΠΕΡΙ
2024 727 2178 785 ΤΟΥ
2215 726 2763 788 ΝΙΚΟΣΤΡΑΤΟΥ
2807 729 3133 789 ΚΛΗΡΟΥ.

3635 731 3857 815 (τι-π)

2312 864 2538 927 affingant
2568 867 2977 931 commentitium,
3015 880 3114 917 non
3146 867 3302 917 solum
3333 867 3399 918 de
3430 868 3753 933 testamento,
3785 871 3858 920 sed

2314 953 2457 1001 etiam
2478 953 2537 1001 de
2549 955 2957 1016 consanguinitate
2970 954 3157 1004 dicendi
3171 956 3509 1006 necessitatem
3524 957 3858 1021 imposuerunt.

2376 1045 2421 1089 7.
2455 1043 2639 1089 Verum
2657 1054 2752 1090 non
2774 1056 2836 1091 ex
2857 1043 2933 1091 his
2949 1043 3253 1092 solummodo
3266 1043 3548 1106 intelligatis
3563 1045 3757 1095 subesse
3773 1059 3860 1094 cer·

2269 1190 2271 1209 Ι
2313 1128 2388 1175 tos
2418 1128 2649 1189 quosdam
2681 1129 2823 1190 alios,
2856 1130 2940 1192 qui
2969 1130 3086 1179 istos
3119 1130 3420 1180 adversarios
3449 1133 3503 1181 in
3527 1133 3713 1182 amicos
3745 1146 3861 1183 meos

2311 1213 2605 1277 instigarint,
2625 1216 2707 1265 sed
2732 1216 2877 1266 etiam
2901 1230 2963 1267 ex
2985 1217 3078 1267 illis
3102 1231 3214 1280 quoe
3241 1232 3270 1267 a
3296 1220 3538 1282 principio
3574 1220 3739 1269 statim
3767 1234 3860 1270 ere·

2271 1348 2272 1351 ,
2312 1305 2503 1351 nerunt.
2570 1304 2746 1365 Ecquis
2800 1306 2927 1353 enim
2958 1318 3056 1354 non
3105 1319 3249 1369 super
3279 1320 3483 1356 excessu
3516 1307 3769 1357 Nicostrati
3797 1321 3859 1357 co-

2311 1402 2442 1438 mam
2467 1389 2720 1452 tondebat,
2756 1404 2907 1453 quum
2934 1392 3172 1443 hereditas
3197 1393 3353 1443 duum
3370 1395 3673 1444 talentorum
3694 1409 3754 1444 ex
3778 1399 3861 1445 Ace

2310 1479 2473 1526 venit?
2537 1479 2712 1540 Ecquis
2729 1492 2825 1528 non
2843 1480 3024 1543 pullam
3052 1480 3235 1545 induit,
3254 1482 3390 1544 quasi
3411 1495 3500 1545 per
3525 1482 3711 1532 luctum
3741 1484 3858 1532 bere·

2311 1563 2510 1613 ditatem
2529 1564 2823 1629 adepturus?
2885 1569 3014 1626 Quot
3034 1580 3085 1617 se
3116 1569 3305 1618 mentiti
3331 1572 3448 1619 sunt
3475 1573 3706 1632 cognatos
3734 1572 3859 1621 Nico·

2260 1646 2263 1654 “
2310 1652 2444 1700 strati
2464 1655 2548 1700 aut
2569 1651 2691 1699 tilios
2716 1652 2779 1701 ab
2804 1665 2863 1702 eo
2885 1666 2969 1716 per
3000 1656 3340 1704 testamentum
3364 1655 3652 1719 adoptatos?
3680 1657 3745 1719 (8)
3778 1661 3859 1707 De·

2309 1738 2582 1787 mostuenoe
2600 1738 2797 1800 quidem
2813 1753 2864 1789 se
2881 1743 3102 1802 nepotem
3121 1741 3223 1802 ejus
3235 1756 3298 1791 ex
3313 1743 3464 1792 fratre
3484 1744 3670 1794 ferebat
3685 1780 3700 1806 ,
3720 1744 3779 1793 ah
3799 1746 3863 1793 his

2310 1826 2471 1872 autem
2511 1825 2745 1874 mendacii
2785 1827 3033 1875 convictus
3070 1827 3333 1877 desistebat
3373 1848 3386 1878 ε
3425 1829 3556 1879 bona
3590 1844 3680 1880 sua
3716 1833 3861 1880 omnia

2309 1904 2631 1954 Nicostratum
2663 1906 2753 1954 sibi
2786 1906 2986 1957 donasse
3016 1908 3347 1970 praetendebat
3376 1911 3652 1974 Telephus;
3692 1912 3769 1961 sed
3791 1913 3861 1962 hie

2265 1998 2268 2004 ”
2310 1999 2503 2048 quoqne
2523 1988 2664 2047 paulo
2682 1990 2790 2049 post
2806 1989 3156 2039 conticescebat
3186 2009 3200 2039 ι
3226 1991 3505 2041 Aminiades
3532 2005 3738 2055 puerum
3753 2007 3862 2042 non-

2316 2067 2434 2116 dum
2457 2068 2693 2117 triennem
2714 2069 2772 2117 ad
2792 2070 3069 2120 archontem
3084 2071 3334 2133 afferebat,
3350 2072 3486 2122 aiens
3499 2086 3614 2124 enm
3627 2077 3861 2126 Nicostrati

2308 2160 2435 2208 esse,
2480 2163 2634 2211 quum
2664 2151 2704 2199 is
2744 2153 2872 2200 totos
2906 2150 3127 2199 undecim
3166 2164 3318 2200 annos
3354 2153 3561 2203 Athenis
3604 2154 3858 2208 abfuisset:

2309 2230 2377 2291 (9)
2411 2231 2620 2292 Pyrrhus
2649 2233 2964 2294 Lamptrensis
2994 2232 3318 2283 Nicostratum
3343 2235 3506 2285 aiehat
3523 2236 3652 2287 hona
3670 2252 3753 2288 sua
3783 2241 3859 2301 (ex

2308 2314 2477 2374 parte)
2500 2314 2729 2362 Minervae
2767 2326 3091 2375 consecrasse,
3127 2317 3176 2363 et
3215 2315 3459 2378 (reliqua)
3505 2317 3597 2368 sibi
3633 2318 3820 2369 donasse
3848 2340 3858 2368 ε

2307 2397 2460 2447 ctesis
2473 2397 2726 2445 Boeaeensis
2740 2398 2788 2446 et
2801 2399 3015 2446 cranaus
3024 2396 3269 2457 iactabant
3284 2400 3615 2450 Nicostratum
3629 2415 3658 2450 a
3672 2415 3721 2452 se
3734 2402 3778 2451 in
3793 2402 3860 2463 ius

2307 2482 2532 2528 vocatum
2560 2480 2726 2528 talenti
2747 2479 2941 2529 mulctas
2970 2480 3343 2529 condemnatum
3369 2481 3518 2532 tuisse
3536 2518 3553 2543 ,
3576 2484 3705 2546 qnod
3727 2498 3859 2547 quum

2306 2564 2633 2614 demonstrare
2666 2565 2946 2626 nequirent,
2981 2564 3472 2616 comminiscebantur
3503 2581 3619 2618 eum
3649 2570 3855 2620 libertum

2307 2661 2447 2696 suum
2490 2649 2661 2710 suisse;
2707 2661 2875 2698 verum
2914 2662 2975 2698 ne
3020 2649 3112 2697 hoc
3155 2649 3351 2710 quidem
3392 2651 3601 2713 probare
3644 2656 3854 2715 poterant.

2307 2731 2406 2789 (to)
2443 2730 2502 2778 lli
2524 2733 2636 2778 sunt
2663 2729 2745 2791 qui
2769 2729 2830 2778 ah
2861 2729 2996 2779 initio
3031 2730 3281 2779 hereditati
3316 2731 3579 2783 Nicostrati
3601 2735 3854 2786 inhiarunt:

2306 2906 2421 2942 vero
2445 2893 2591 2954 coepit
2625 2896 2813 2955 petere,
2848 2905 3003 2956 neque
3036 2893 3167 2942 solus
3201 2895 3330 2957 ipse,
3364 2896 3452 2945 sed
3483 2899 3633 2947 etiam
3664 2901 3854 2962 spurium

2306 2988 2448 3024 suum
2474 2989 2502 3025 e
2524 2976 2774 3025 meretrice
2793 2975 2946 3024 tilium
2965 2974 3231 3035 subjectum
3256 2976 3346 3027 ivit
3378 2978 3655 3030 Nicostrato
3671 3018 3685 3041 ,
3715 2985 3767 3030 ut
3786 2986 3854 3031 ant

2306 3057 2432 3107 bona
2464 3059 2723 3121 corriperet
2742 3059 2838 3121 ipse
2867 3060 2953 3108 aut
2974 3059 3131 3109 saltim
3149 3060 3313 3121 spurio
3338 3074 3430 3110 suo
3453 3063 3536 3123 J'us
3566 3065 3765 3115 civitatis
3785 3079 3852 3114 at·

2306 3146 2535 3207 quireret.
2611 3144 2827 3194 sentiens
2856 3146 3018 3194 autem
3049 3157 3192 3193 suum
3232 3144 3294 3194 de
3324 3149 3616 3208 cognatione
3645 3153 3850 3199 assertum

2306 3224 2540 3275 mendacii
2560 3224 2834 3274 convictum
2853 3224 2936 3285 iri,
2957 3222 3235 3285 petitionem
3254 3226 3392 3287 pueri
3422 3228 3624 3290 quidem
3659 3230 3851 3287 rescidit,

2307 3326 2393 3374 pro
2410 3314 2664 3376 semetipso
2688 3317 2847 3364 autem
2868 3315 3220 3362 sacramentum
3250 3311 3508 3376 deposuit,
3539 3317 3597 3366 ut
3620 3316 3661 3365 is
3689 3318 3762 3367 cui
3784 3329 3851 3381 per

2303 3395 2643 3443 testamentum
2664 3396 2787 3444 bona
2809 3393 3060 3444 Nicostrati
3080 3393 3192 3442 data
3214 3394 3437 3445 fuissent.

2370 3478 2444 3520 11.
2474 3472 2738 3533 Oportebat
2755 3470 2967 3534 quidem,
2982 3470 3187 3532 judices,
3205 3471 3489 3535 quicunque
3508 3473 3635 3525 hona
3655 3490 3716 3526 ex
3730 3477 3849 3526 titulo

2304 3554 2570 3606 donationis
2588 3555 2955 3606 testamentariae
2978 3556 3145 3616 petens
3167 3567 3313 3604 causa
3331 3556 3590 3609 cecidisset
3604 3596 3619 3621 ‚
3638 3574 3744 3610 eum
3768 3573 3847 3610 nou

2304 3641 2366 3689 ad
2381 3642 2615 3691 mulctam
2638 3655 2726 3703 pro
2745 3642 2848 3690 rata
2865 3640 3194 3699 condemnari,
3219 3641 3304 3690 sed
3323 3642 3388 3690 ad
3408 3645 3699 3696 tantundem
3713 3649 3848 3710 reipu-

2305 3728 2442 3777 blicae
2463 3729 2577 3778 fiseo
2605 3728 2832 3777 luendum
2851 3764 2866 3790 ,
2886 3727 3054 3790 quanti
3073 3727 3135 3776 sit
3154 3741 3346 3777 summa
3370 3728 3613 3782 bonorum
3631 3734 3695 3781 ab
3711 3747 3767 3783 eo
3781 3747 3844 3797 pe·

2303 3813 2501 3860 titorum
2540 3831 2554 3861 ε
2592 3811 2720 3874 quod
2759 3811 2797 3859 si
2838 3811 2971 3860 tieret
2984 3847 2999 3871 ‚
3034 3811 3159 3872 leges
3189 3823 3288 3860 non
3324 3811 3395 3861 ita
3434 3819 3847 3874 contemnerentur,

2302 3911 2458 3961 neque
2475 3900 2776 3960 cognationes
2791 3899 2852 3947 ab
2866 3899 2968 3948 istis
2980 3898 3343 3959 lacesserentur,
3359 3912 3520 3964 neque
3534 3901 3845 3952 detunctonun

2302 3987 2495 4035 nomine
2518 3986 2650 4035 abuti
2674 3986 2923 4035 auderent.
2987 3986 3228 4042 Quoniam
3252 3999 3369 4035 vero
3388 4000 3474 4050 per
3497 3988 3623 4051 leges
3646 3990 3847 4039 omnibus

2302 4073 2414 4122 licet
2433 4073 2717 4122 hereditates
2734 4085 3134 4135 quorumcunque
3153 4085 3252 4135 quo
3269 4075 3478 4136 quisque
3496 4075 3638 4126 titulo
3658 4077 3769 4126 velit
3785 4088 3847 4139 pe

2302 4162 2426 4220 tere,
2463 4163 2675 4210 vestrum
2711 4162 2784 4210 est
2824 4161 2873 4208 in
2911 4159 3182 4221 hujusmodi
3214 4159 3388 4211 causas
3421 4166 3607 4225 quanta
3651 4163 3847 4227 poterit's

2300 4262 2484 4299 stimma
2504 4248 2745 4310 diligentia
2774 4247 3011 4310 inquirere
3036 4246 3254 4309 nihilque
3270 4248 3617 4300 trammittere.
3682 4253 3775 4311 (12)
3796 4253 3846 4300 tit

2299 4335 2349 4384 in
2368 4336 2459 4384 hoc
2477 4336 2578 4385 solo
2600 4348 2768 4397 genere
2789 4347 3058 4396 causarum,
3084 4334 3382 4385 hereditario
3400 4339 3519 4398 puta
3531 4373 3547 4400 ,
3566 4336 3845 4387 videnturad

2299 4423 2443 4472 fidem
2464 4423 2729 4472 faciendam
2753 4421 2980 4470 validiora
3007 4421 3152 4470 etiam
3170 4434 3272 4471 esse
3295 4421 3473 4472 indicia
3495 4437 3642 4487 quam
3668 4425 3752 4487 ipsi
3780 4427 3844 4474 te·

2298 4513 2409 4560 stes.
2473 4513 2593 4560 Nam
2620 4510 2669 4558 in
2686 4510 2870 4558 caeteris
2887 4508 3078 4571 quidem
3097 4508 3430 4559 contractibus
3448 4510 3579 4559 hand
3597 4511 3840 4561 admodum

2298 4598 2492 4647 difficile
2523 4600 2595 4646 est
2626 4597 2742 4645 salsa
2778 4598 2977 4646 testatos
3011 4608 3300 4658 coarguere,
3332 4599 3591 4658 superstite
3622 4599 3772 4648 adhuc
3800 4601 3842 4646 et

662 4594 846 4660 ζῶντος
872 4592 972 4672 γὰρ
1006 4590 1096 4650 καὶ
1138 4590 1391 4670 παρόντος
1417 4595 1506 4648 τοῦ
1551 4590 1838 4670 πράξαντος
1876 4616 2210 4674 καταμαρτυ-

583 4696 635 4736 aa
663 4683 830 4756 ροῦσι·
860 4678 981 4757 περὶ
1010 4678 1063 4737 δὲ
1093 4681 1195 4735 τῶν
1224 4679 1482 4749 διαθηκῶν
1510 4681 1618 4745 πῶς
1638 4678 1700 4735 ἄν
1729 4700 1804 4745 τις
1830 4679 1974 4756 γνοίη
1999 4679 2114 4746 τοὺς
2135 4680 2207 4751 μὴ
2299 4685 2529 4746 praesente
2555 4697 2613 4733 eo
2631 4696 2775 4745 quem
2798 4683 2957 4733 testati
2980 4682 3075 4731 sint
3094 4682 3186 4731 hoc
3202 4683 3281 4732 vel
3307 4684 3593 4747 illudegisse
3616 4703 3631 4734 ι
3652 4687 3698 4735 in
3715 4696 3840 4734 eausa

659 4768 859 4838 τάληθῆ
889 4766 1159 4843 λέγοντας,
1209 4769 1253 4823 εἰ
1283 4765 1357 4842 μὴ
1392 4766 1527 4823 πάνυ
1570 4764 1772 4842 μεγάλα
1809 4766 1874 4824 τὰ
1903 4766 2208 4847 διαφέροντα
2256 4764 2259 4847 '3
2298 4784 2413 4820 vero
2431 4771 2709 4820 hereditaria
2723 4771 2859 4832 ecqui
2878 4770 2980 4818 talsi
2998 4771 3142 4820 testes
3160 4771 3546 4835 noscitahnntur,
3568 4774 3658 4823 nisi
3675 4784 3838 4835 perma-

661 4850 772 4925 εἴη,
803 4856 956 4912 αὐτοῦ
1005 4854 1098 4928 μὲν
1144 4854 1258 4911 καθ’
1300 4845 1357 4911 οὗ
1396 4858 1716 4934 μαρτυροῦσι
1752 4857 2057 4929 τεθνεῶτος,
2106 4858 2207 4912 τῶν
2297 4873 2442 4921 gnum
2466 4859 2527 4908 Sit
2549 4859 2833 4907 discrimen?
2894 4858 2975 4906 5¹¹0
3002 4856 3184 4920 59⁸⁰&
3205 4858 3348 4919 0¹¹]oe
3372 4860 3512 4910 ίὸΰῑίδ
3527 4860 3834 4910 ‘ammonium

661 4936 714 4996 δὲ
744 4944 999 5018 συγγενῶν
1028 4941 1190 5017 μηδὲν
1230 4944 1331 4998 τῶν
1360 4942 1738 5020 πεπραγμένων
1782 4943 2007 5012 εἰδότων,
2034 4945 2122 4999 τοῦ
2153 4943 2205 5000 δὲ
2247 5004 2248 5011 ¹
2298 4948 2573 5008 perhibetur
2600 4946 2725 4995 vivis
2743 4948 2994 5007 exempto,
3015 4946 3323 5008 cognatisque
3340 4960 3398 4996 ea
3419 4961 3530 5010 quae
3548 4947 3833 5016 abilina-sta

663 5026 877 5105 ἐλέγχου
912 5030 1167 5104 μηδαμῶς
1204 5028 1779 5110 ἀκριὸοῦςγινομένοη
1834 5030 1925 5109 (ιε)
1963 5025 2088 5088 Ἔτι
2122 5028 2205 5100 δέ,
2247 5088 2255 5109 γ
2295 5037 2391 5084 sint
2418 5047 2608 5096 prorsus
2637 5034 2985 5096 ignorantibus,
3016 5032 3223 5095 denique
3255 5032 3339 5083 ubi
3371 5035 3655 5085 scrutinium
3686 5044 3830 5082 severo
3924 5052 3968 5075 -ι

661 5104 705 5171 ὦ
727 5114 932 5191 ἄνδρες,
957 5114 1046 5173 καὶ
1068 5119 1170 5173 τῶν
1201 5113 1564 5191 διατιθεμένων
1593 5119 1638 5174 οἱ
1661 5117 1843 5175 πολλοὶ
1866 5116 1980 5175 οὐδὲ
2002 5116 2207 5193 λέγουσι
2247 5116 2255 5243 Ι
2296 5123 2502 5172 exerceri
2519 5123 2740 5183 nequeat.
2808 5122 2903 5182 (13)
2919 5119 3080 5180 Adde,
3097 5120 3228 5182 quod
3243 5122 3529 5171 testamenta
3545 5120 3968 5170 condentium-

661 5200 766 5266 τοῖς
795 5201 1226 5278 παραγινομένοις
1262 5203 1294 5260 ὅ
1317 5228 1367 5261 τι
1396 5204 1727 5275 διατίθενται,
1763 5206 1879 5262 ἀλλ’
1925 5206 2081 5263 αὐτοῦ
2112 5202 2204 5279 μό·
2296 5210 2508 5272 plerique
2522 5209 2723 5259 testibus
2741 5208 2981 5258 nedicunt
2998 5207 3212 5270 quidem,
3231 5208 3353 5270 quid
3370 5208 3606 5258 intahulis
3617 5208 3968 5269 scriptun-z

660 5307 777 5355 νου,
804 5292 891 5345 τοῦ
915 5289 1219 5345 καταλιπεῖν
1248 5289 1515 5367 διαθήκας,
1544 5290 1812 5370 μάρτυρας
1839 5291 2204 5370 παρίστανται,
2293 5299 2380 5358 sit,
2409 5297 2489 5345 sed
2515 5297 2620 5346 ideo
2638 5296 2939 5345 solummodo
2965 5295 3152 5345 adstare
3165 5295 3366 5357 jubent,
3389 5310 3490 5359 quo
3518 5297 3740 5346 testentur
3764 5295 3958 5340 tte.—

582 5390 634 5428 ω
660 5377 749 5430 τοῦ
774 5372 826 5430 δὲ
852 5373 1221 5449 συμὸαίνοντός
1262 5378 1371 5433 ἐστι
1405 5376 1493 5433 καὶ
1516 5385 1874 5456 γραμματεῖον
1914 5380 2204 5453 ἀλλαγῆναι
2293 5386 2582 5434 stamentum
2611 5397 2713 5432 esse
2736 5383 2984 5443 relictum,
3008 5383 3153 5431 etiam
3178 5383 3270 5431 hoc
3297 5396 3389 5433 usn
3421 5384 3583 5433 venire
3614 5381 3748 5437 solet,
3770 5390 3851 5423 ¹-
3876 5383 3930 5427 ί

659 5461 746 5516 καὶ
782 5459 1027 5517 τάναντία
1054 5462 1166 5526 ταῖς
1194 5467 1282 5519 τοῦ
1330 5465 1598 5529 τεθνεῶτος
1635 5463 1901 5534 διαθήκαις
1942 5486 2203 5543 μεταγρα-
2242 5460 2244 5496 ⁷
2294 5471 2469 5521 tabula*
2488 5472 2836 5534 permutentur,
2861 5471 2910 5519 et
2930 5468 3051 5519 utin
3072 5468 3344 5519 subdititiae
3363 5470 3631 5532 ingerantur
3646 5476 3897 5529 prorsum
