4467 6542
670 694 741 746 ⁷2
1511 678 1941 739 ΑΝΔΟΚΙΔΟΥ
1981 679 2031 736 Ο
2074 677 2261 736 ΠΕΡΙ
2298 675 2453 736 ΤΩΝ
2495 678 2964 739 ΜΥΣΤΠΡΙΩΝ.

653 815 791 889 ἱμῶν
818 809 1002 890 ἀρετὰς
1023 805 1281 887 σωτηρίαν
1300 808 1557 883 γενέσθαι·
1574 806 1663 865 καὶ
1684 807 1786 886 γὰρ
1799 808 1970 868 αὐτῶν
1990 806 2097 865 τῶν
2116 804 2201 885 ἔρ-

656 922 782 976 γων,
810 901 875 956 δι’
906 897 1039 976 ἅπερ
1079 899 1113 966 ἡ
1154 894 1301 959 πόλις
1330 895 1526 968 ἐσώθη,
1551 896 1643 951 οὐκ
1681 897 1951 971 ἐλάχιστον
1985 894 2134 971 μέρος
2162 896 2210 951 οἱ

659 985 776 1061 ἐμοὶ
804 983 1046 1064 πρόγονοι
1076 980 1447 1039 συνεὸάλοντο·
1472 971 1544 1036 ὧν
1582 978 1731 1037 ἕνεκα
1758 979 1847 1037 καὶ
1875 979 1991 1056 ἐμοὶ
2014 979 2211 1037 δίκαιον
2256 1026 2257 1030 ,

660 1077 794 1148 ὑμᾶς
819 1071 1135 1143 μεταδοῦναι
1156 1071 1247 1139 τῆς
1269 1065 1555 1146 σωτηρίας,
1583 1058 1752 1145 ἧσπερ
1775 1065 1864 1123 καὶ
1894 1065 2041 1123 αὐτοὶ
2066 1064 2211 1146 παρὰ

658 1162 761 1216 τῶν
794 1156 1063 1226 Ἑλλήνων
1088 1154 1322 1232 ἐτύχετε,

580 1269 635 1307 ⁴0
749 1263 847 1307 1⁴⁴.
890 1241 1163 1322 Σκέψασθε
1186 1239 1352 1298 τοίνυν
1379 1238 1469 1298 καὶ
1494 1237 1644 1311 τάδε,
1673 1238 1736 1297 ἄν
1765 1261 1830 1316 με
1859 1240 2087 1317 σώσητε,
2110 1231 2214 1299 οἶον
2262 1291 2263 1296 ,

663 1331 801 1399 ἕξετε
832 1328 1065 1400 πολίτην·
1095 1326 1147 1393 ὃς
1167 1330 1369 1407 πρῶτον
1394 1324 1485 1401 μὲν
1518 1329 1578 1384 ἐκ
1601 1327 1798 1384 πολλοῦ
1819 1325 2042 1384 πλούτου
2058 1371 2075 1403 ,
2097 1326 2213 1385 ὅσον

658 1422 804 1493 ὑμεῖς
829 1416 1043 1487 ἴστε,οὖ
1078 1415 1146 1471 δι’
1184 1412 1430 1489 ἐμαυτόν,
1461 1412 1597 1470 ἀλλὰ
1637 1412 1723 1469 διὰ
1762 1410 1856 1478 τὰς
1891 1416 1984 1483 τῆς
2019 1415 2218 1480 πόλεως

664 1502 929 1585 συμφορὰς
968 1503 1036 1567 εἰς
1073 1499 1253 1557 πενίαν
1298 1497 1497 1569 πολλὴν
1539 1497 1629 1556 καὶ
1676 1497 1897 1576 ἀπορίαν
1941 1497 2217 1570 κατέστην,

647 1590 845 1647 ’ἔπειτα
872 1587 925 1646 δὲ
948 1588 1037 1645 καὶ
1063 1585 1171 1666 βίον
1197 1584 1523 1666 εἰργασάμην
1544 1586 1602 1642 ἐκ
1628 1589 1718 1642 τοῦ
1748 1584 1975 1656 δικαίου,
1994 1588 2059 1662 τῇ
2083 1584 2218 1662 γνώ-

664 1700 740 1755 μῃ
769 1676 858 1733 καὶ
886 1678 999 1732 ταῖν
1018 1674 1191 1751 χεροῖν
1214 1681 1327 1729 ταῖν
1357 1673 1601 1746 ἐμαυτοῦ·
1624 1670 1700 1729 ἔτι
1720 1668 1773 1728 δὲ
1798 1670 1967 1728 εἰδότα
1997 1671 2089 1745 μὲν
2114 1662 2217 1729 οἶόν
2255 1700 2256 1751 γ

662 1766 771 1820 ἐστι
793 1762 988 1827 πόλεως
1008 1758 1252 1831 τοιαύτης
1270 1758 1487 1829 πολίτην
1516 1749 1647 1815 εἶναι
1662 1803 1679 1831 ,
1708 1759 1877 1816 εἰδότα
1899 1756 1953 1816 δὲ
1981 1750 2088 1815 οἶόν
2110 1759 2219 1815 ἐστι

662 1848 798 1916 ξένον
823 1840 954 1907 εἶναι
981 1846 1067 1906 καὶ
1093 1844 1331 1920 μέτοικον
1355 1848 1408 1903 ἐν
1427 1848 1491 1922 τῇ
1515 1848 1616 1902 τῶν
1636 1845 1877 1916 πλησίον,
1963 1848 2077 1920 (με)
2105 1846 2207 1902 ἐπι·
2255 1844 2267 1913 '¹

581 1947 645 1995 19
670 1934 922 2010 στᾶμενον
942 1933 996 1992 δὲ
1028 1924 1132 1991 οἷον
1158 1931 1217 1989 τὸ
1253 1938 1532 2010 σωφρονεῖν
1558 1930 1648 1987 καὶ
1676 1932 1835 2009 ὀρθῶς
1865 1930 2215 2008 βουλεύεσθαι,

662 2020 1002 2099 ἐπιστάμενον
1028 2020 1070 2078 δ’
1096 2010 1201 2076 οἷον
1220 2018 1279 2075 τὸ
1304 2016 1606 2095 ἁμαρτόντα
1634 2015 1826 2097 πρᾶξαι
1852 2020 2051 2088 κακῶς,
2084 2019 2221 2075 πολ-

661 2110 768 2175 λοῗς
795 2108 1162 2185 συγγενόμενος
1182 2106 1271 2163 καὶ
1294 2104 1551 2162 πλείστων
1579 2103 1867 2184 πειραθείς,
1897 2104 1982 2184 ἀφ’
2003 2096 2074 2162 ὧν
2104 2104 2220 2181 ἐμοὶ

663 2197 821 2264 ξενίαι
854 2197 941 2254 καὶ
984 2194 1253 2276 φιλότητες
1292 2191 1417 2269 πρὸς
1447 2189 1668 2257 πολλοὺς
1714 2191 1803 2248 καὶ
1852 2190 2099 2269 βασιλέας
2132 2190 2222 2249 καὶ

663 2283 839 2347 πόλεις
862 2281 949 2339 καὶ
971 2281 1154 2344 ἄλλους
1171 2277 1276 2356 ἰδία
1303 2277 1467 2344 ξένους
1485 2275 1785 2352 γεγένηται,
1804 2268 1873 2334 ὧν
1900 2276 1990 2352 ἐμὲ
2012 2275 2221 2334 σώσαν-

594 2475 620 2512 a
666 2458 719 2512 ἰν
744 2459 909 2533 καιρῷ
940 2477 990 2511 τι
1025 2457 1144 2528 ὑμῖν
1173 2452 1397 2528 γίνηται.
1486 2449 1600 2527 (tiu)
1625 2448 1777 2528 Ἔχει
1808 2450 1861 2509 δὲ
1887 2451 1974 2507 καὶ
2000 2454 2140 2526 ὑμῖν,
2178 2439 2222 2508 ὦ

667 2541 872 2619 ἄνδρες,
896 2539 1072 2604 οὕτως·
1098 2538 1185 2596 ἐάν
1218 2559 1283 2614 με
1303 2536 1412 2594 νυνὶ
1441 2535 1760 2615 διαφθείρητε
1777 2580 1793 2608 ,
1823 2542 1914 2595 οὐκ
1945 2537 2081 2595 ἔστιν
2102 2539 2223 2613 ὑμῖν

667 2630 746 2687 ἔτι
764 2626 943 2693 λοιπὸς
970 2632 1056 2684 τοῦ
1081 2624 1255 2703 γένους
1274 2629 1361 2682 τοῦ
1383 2623 1636 2701 ἡμετέρου
1661 2625 1852 2699 οὐδείς,
1881 2623 1994 2680 ἀλλ’
2018 2626 2221 2700 οἴχεται

665 2724 769 2772 πᾶν
815 2714 1106 2794 πρόρριζον·
1137 2713 1304 2770 καίτοι
1338 2715 1430 2768 οὐκ
1458 2712 1641 2776 ὄνειδος
1670 2714 1791 2783 ὑμῖν
1820 2711 1957 2768 ἐστιν
1983 2714 2015 2779 ἡ
2051 2712 2227 2769 Ἀνδο-

665 2803 808 2860 κίδου
832 2801 921 2859 καὶ
947 2798 1217 2879 Λεωγόρου
1243 2797 1378 2856 οἰκία
1402 2788 1558 2868 οὖσα,
1581 2796 1716 2854 ἀλλὰ
1748 2796 1878 2854 πολὺ
1907 2799 2103 2873 μᾶλλον
2124 2798 2229 2854 τότ’

664 2890 881 2954 ὄνειδος,
904 2887 976 2945 ὅτ’
1008 2888 1135 2962 ἐμοῦ
1163 2884 1438 2963 φεύγοντος
1457 2885 1716 2963 ,Κλεοφῶν
1738 2882 1899 2954 αὐτὴν
1919 2888 1946 2941 ὃ
1965 2884 2229 2962 λυροποιὸς

664 2974 809 3053 ᾤκει.
871 2975 949 3034 Οὐ
988 2971 1089 3050 γὰρ
1117 2971 1255 3029 ἔστιν
1299 2969 1437 3035 ὅστις
1480 2968 1698 3027 πώποτε
1729 2973 1874 3044 ὑμῶν
1905 2969 2106 3048 παριὼν
2134 2969 2227 3039 τὴν

591 3081 639 3119 ιο
667 3061 830 3118 οἰκίαν
871 3056 966 3128 τὴν
1012 3056 1273 3136 ἡμετέραν
1304 3055 1604 3132 ἀνεμνήσθη
1634 3055 1669 3125 ἢ
1714 3056 1820 3135 ἰδία
1849 3079 1901 3114 τι
1934 3055 1969 3125 ἢ
2005 3056 2231 3134 δημοσίᾳ

667 3146 827 3205 κακὸν
852 3145 1031 3204 παθὼν
1066 3149 1152 3202 ὑπ’
1184 3143 1407 3213 ἐκείνων,
1442 3142 1555 3219 (147)
1592 3141 1641 3200 οἳ
1661 3142 1909 3209 πλείστας
1942 3144 2035 3219 μὲν
2065 3166 2229 3221 στρα-

665 3236 983 3310 τηγήσαντες
1012 3230 1323 3312 στρατηγίας
1359 3229 1529 3288 πολλὰ
1564 3229 1787 3308 τρόπαια
1824 3233 1926 3287 τῶν
1969 3229 2231 3305 πολεμίων

672 3321 761 3379 καὶ
786 3318 922 3378 κατὰ
946 3323 1043 3396 γ’ἧν
1065 3316 1306 3376 καὶκατὰ
1327 3318 1586 3374 θάλατταν
1618 3320 1739 3393 ὑμῖν
1766 3315 2056 3387 ἀπέδειξαν,
2080 3315 2233 3373 πλεί-

668 3430 793 3473 στας
824 3407 878 3463 δὲ
914 3406 1075 3470 ἄλλας
1104 3404 1268 3483 ἀρχὰς
1299 3403 1540 3482 ἄρξαντες
1572 3403 1663 3460 καὶ
1700 3402 1949 3482 χρήματα
1979 3402 2233 3482 διαχειρί-

670 3515 849 3556 σαντες
873 3490 938 3548 τὰ
960 3489 1185 3567 ὑμέτερα
1213 3487 1356 3547 οὐδὲν
1383 3487 1594 3545 πώποτε
1627 3478 1817 3567 ὦφλον,
1851 3490 1955 3547 οὐδ’
1981 3488 2225 3566 ἡμάρτη-

668 3602 753 3637 ται
785 3577 929 3636 οὐδὲν
959 3576 1072 3635 οὔτε
1108 3581 1233 3652 ἡμῖν
1260 3578 1329 3641 εἰς
1349 3578 1485 3651 ὑμᾶς
1510 3574 1624 3632 οὔτε
1658 3577 1779 3649 ὑμῖν
1803 3577 1877 3640 εἷς
1900 3578 2067 3649 ἡμᾶς,
2098 3572 2233 3631 οἰκία

670 3664 724 3722 δὲ
764 3669 947 3722 πασῶν
991 3662 1313 3742 ἀρχαιοτάτη
1350 3662 1438 3719 καὶ
1467 3661 1736 3730 κοινοτάτη
1769 3660 1849 3718 ἀεὶ
1876 3664 1948 3739 τῷ
1974 3659 2227 3738 δεομένῳ·

591 3774 641 3811 ιε
670 3751 776 3809 οὐδ’
828 3750 964 3809 ἔστιν
998 3749 1125 3808 ὅπου
1154 3750 1361 3807 ἐκείνων
1391 3772 1466 3815 τις
1497 3751 1598 3806 τῶν
1630 3750 1825 3827 ἀνδρῶν
1864 3747 2125 3813 καταστὰς
2162 3750 2232 3813 εἷς

670 3841 844 3915 ἀγῶνα
862 3836 1129 3915 ἀπῄτησεν
1148 3841 1282 3912 ὑμᾶς
1292 3835 1447 3914 χάριν
1458 3835 1650 3894 τούτων
1662 3840 1764 3893 τῶν
1780 3834 1966 3913 ἔργων.
1996 3838 2112 3912 (148)
2139 3834 2230 3904 Μὴ

675 4009 850 4072 αὐτοῖς
872 4007 1183 4076 ἐπιλάθησθε
1200 4050 1217 4082 ,
1246 4008 1361 4063 ἀλλ’
1394 4005 1808 4081 ἀναμνησθέντες
1829 4010 1930 4063 τῶν
1961 4007 2126 4086 ἔργων
2148 4031 2237 4065 νο-

675 4094 863 4168 μίσατε
895 4090 960 4149 τὰ
1003 4092 1224 4166 σώματα
1267 4094 1435 4148 αὐτῶν
1471 4096 1596 4169 δρᾶν
1634 4093 1948 4167 αἰτουμένων
1978 4093 2073 4169 ἐμὲ
2113 4099 2237 4173 παρ’

676 4182 823 4255 ὑμῶν
855 4181 1042 4237 σῶσαι.
1102 4176 1237 4235 Τίνα
1265 4176 1367 4256 γὰρ
1392 4176 1483 4234 καὶ
1510 4178 1899 4253 ἀναδιδάσομαι
1927 4178 2234 4255 δεησόμενον

674 4266 805 4344 ὑπὲρ
830 4269 1082 4339 ἐμαυτοῧ;
1107 4262 1193 4320 τὸν
1221 4262 1453 4341 πατέρα;
1480 4263 1615 4320 ἀλλὰ
1638 4263 1895 4334 τέθνηκεν·
1952 4266 2087 4323 ἀλλὰ
2124 4266 2238 4331 τοὺς

598 4369 650 4405 20
677 4351 956 4431 ἀδελφούςς
1006 4349 1122 4407 ἀλλ’
1165 4350 1257 4408 οὗκ
1308 4348 1434 4407 εἰσίν
1452 4372 1464 4385 ·
1512 4349 1647 4408 ἀλλὰ
1689 4348 1807 4415 τοὺς
1854 4354 2070 4423 παῖδας,
2119 4353 2233 4411 ἀλλ’

676 4439 821 4498 οὔπω
839 4437 1163 4515 γεγένηνται.
1233 4436 1352 4512 (149)
1380 4434 1563 4513 εΥμεῗς
1583 4436 1749 4495 τοίνυν
1777 4437 1866 4494 καὶ
1889 4439 2003 4496 ἀντὶ
2040 4439 2237 4518 πατρὸς

677 4526 797 4602 ἐμοὶ,
822 4527 913 4583 καὶ
949 4522 1065 4581 ἀντὶ
1095 4524 1330 4603 ἀδελφῶν
1360 4523 1451 4581 καὶ
1487 4524 1601 4582 ἀντὶ
1642 4525 1846 4582 παίδων
1893 4526 2113 4603 γένεσθε·
2165 4531 2237 4594 εἰς

675 4618 809 4689 ὑμᾶς
832 4608 1145 4691 καταφεύγει)
1168 4611 1257 4669 καὶ
1308 4611 1562 4670 ἀντιὸολῶ
1601 4612 1689 4670 καὶ
1733 4613 1963 4671 ἱκετεύω·
1987 4616 2132 4689 ὑμεῖς
2171 4639 2233 4690 με
2278 4653 2279 4660 1

674 4701 797 4779 παρ’
826 4703 969 4775 ὑμῶν
1009 4699 1178 4755 αὐτῶν
1215 4698 1554 4773 αἰτησάμενοι
1599 4698 1837 4769 σώσατε,
1873 4701 1960 4757 καὶ
1991 4699 2064 4777 μὴ
2112 4701 2234 4780 βού-
2276 4747 2279 4759 ι

675 4788 826 4845 λεσθε
867 4784 1164 4852 Θετταλοὺς
1205 4786 1294 4844 καὶ
1338 4785 1592 4865 Ἀνδρίους
1635 4786 1852 4852 πολίτας
1883 4794 2137 4846 ποιεῖσθαι
2170 4791 2235 4847 δι’

678 4872 897 4951 ἀπορίαν
942 4873 1162 4950 ἀνδρῶν,
1205 4870 1324 4938 τοὺς
1373 4872 1425 4930 δὲ
1486 4872 1636 4939 ὄντας
1690 4872 1907 4939 πολίτας
1949 4876 2230 4952 ὁμολογου-

680 4958 871 5035 μένως,
898 4951 970 5025 οἶς
999 4960 1251 5038 προσήκει
1279 4961 1527 5041 ἀνδράσιν
1553 4962 1763 5036 ἀγαθοῖς
1794 4951 1923 5017 εἶναι
1948 4961 2035 5019 καὶ
2059 4963 2237 5039 βουλό·

681 5047 1161 5120 μενοιδυνήσονται,
1177 5048 1385 5115 τούτους
1406 5048 1458 5106 δὲ
1485 5046 1759 5107 ἀπῶιλυτε.
1777 5045 1867 5117 Μὴ
1886 5049 2034 5117 δῆτα.
2048 5047 2234 5109 Ἔπει-

601 5172 652 5207 2;,
681 5157 747 5191 τα
775 5133 865 5191 καὶ
892 5131 1036 5189 ταῦθ’
1061 5136 1203 5206 ὑμῶν
1232 5134 1448 5212 δέομαι,
1472 5127 1527 5193 εὗ
1553 5138 1713 5193 ποιῶν
1733 5138 1867 5211 ὑμᾶς
1891 5138 1976 5214 ὑφ’
2003 5140 2143 5213 ὑμῶν
2160 5161 2240 5196 τι-

683 5223 898 5295 μᾶσθαι·
982 5216 1110 5273 ὥστ’
1144 5220 1260 5295 ἐμοὶ
1295 5220 1387 5296 μὲν
1418 5223 1717 5297 πειθόμενοι
1748 5223 1838 5279 οὐκ
1877 5223 2235 5300 ἀποστερεῖσθε

684 5304 797 5364 εἴτι
827 5304 927 5382 ε’γὼ
948 5302 1238 5380 δυνήσομαι
1262 5310 1395 5382 ὑμᾶς
1425 5300 1481 5366 εὗ
1511 5309 1695 5366 ποιεῖν·
1726 5307 1816 5365 ἐὰν
1833 5307 1887 5366 δὲ
1915 5309 2018 5375 τοῖς
2044 5309 2238 5387 ἐχθροῖς

682 5397 786 5460 τοῖς
816 5395 958 5470 ἐμοῖς
991 5398 1267 5467 πεισθῆτε,
1299 5396 1402 5453 οὐδ’
1437 5395 1500 5453 ἂν
1543 5394 1740 5477 ὑστέρῳ
1781 5396 1954 5478 χρόνῳ
1986 5398 2107 5473 ὑμῖν
2140 5419 2235 5474 με-

3603 676 3855 768 (τι-τι)

2305 824 2475 871 merita
2495 835 2650 871 meam
2664 822 2868 871 salutem
2886 822 2934 870 in
2954 824 3060 870 tuto
3077 820 3271 883 ponant.
3290 822 3510 883 Ipsorum
3525 819 3655 869 enim
3674 820 3859 871 illorum

2309 909 2602 971 facinorum,
2626 923 2710 972 per
2740 923 2850 971 quae
2870 910 2998 959 salus
3018 912 3121 958 tum
3143 911 3280 971 parta
3309 908 3401 958 fuit
3421 908 3636 969 civitati,
3661 910 3861 970 majores

2306 995 2403 1044 mei
2437 998 2622 1058 partem
2649 995 2777 1043 baud
2801 995 3048 1043 minimam
3078 994 3140 1043 de
3161 1006 3248 1044 suo
3268 994 3581 1043 contulerunt
3618 1013 3631 1044 :
3655 1007 3860 1057 quapru-

2306 1084 2412 1145 pter
2425 1082 2540 1130 mihi
2553 1096 2751 1145 quoque
2765 1083 2833 1131 tas
2846 1084 2918 1131 est
2935 1094 2965 1130 a
2981 1081 3117 1130 vobis
3132 1081 3335 1130 salutem
3346 1080 3453 1142 pari
3470 1080 3619 1129 modo
3632 1080 3860 1143 imper-tin·

2305 1172 2452 1231 atque
2473 1182 2559 1218 vos
2578 1170 2665 1231 ipsi
2683 1182 2713 1218 a
2731 1169 2912 1218 Grecis
2927 1167 3159 1216 universis
3178 1167 3385 1216 salutem
3409 1166 3756 1228 impetravistis

2369 1252 2474 1298 144.
2511 1248 2664 1297 Etiam
2688 1249 2781 1297 boc
2799 1246 3123 1308 considerate,
3141 1246 3263 1308 viri,
3280 1245 3474 1307 qualem
3493 1258 3573 1294 me
3587 1247 3745 1295 civem
3763 1246 3862 1297 stu·

2260 1332 2263 1358 ³
2305 1330 2515 1378 babituri
2529 1366 2543 1389 ‚
2559 1342 2689 1378 nunc
2705 1330 3006 1378 absolventes
3027 1328 3269 1389 :primum
3288 1341 3317 1375 e
3335 1328 3522 1389 magnis
3534 1328 3736 1391 opibus,
3751 1342 3863 1391 qua·

2306 1426 2415 1461 rum
2433 1426 2521 1461 vos
2545 1412 2632 1474 ipsi
2653 1412 2801 1461 nostis
2824 1410 3200 1473 magnitudinem
3213 1447 3228 1472 ,
3255 1424 3350 1459 non
3377 1424 3486 1460 mea
3505 1412 3666 1473 culpa,
3679 1412 3765 1461 sed
3784 1425 3864 1475 per

2306 1494 2466 1547 clades
2489 1495 2606 1555 reip.
2613 1529 2629 1555 ,
2643 1494 2704 1542 ad
2717 1495 2973 1555 egestatem
2990 1492 3144 1541 decidi
3161 1505 3297 1554 paene
3313 1492 3647 1543 incredibilem
3662 1510 3679 1555 ς
3694 1494 3864 1545 deinde

2308 1577 2490 1626 victum
2512 1579 2715 1639 quaesivi
2741 1578 2896 1626 modis
2930 1577 3178 1639 legitimis,
3207 1577 3382 1638 ingenii
3415 1578 3511 1626 mei
3535 1590 3863 1639 manuumque

2307 1672 2522 1707 mearum
2541 1657 2799 1719 industria3
2820 1661 2926 1707 tum
2949 1673 3056 1707 meo
3079 1658 3251 1709 doctus
3286 1673 3379 1709 usu
3395 1660 3513 1708 novi
3541 1673 3654 1721 quae
3678 1660 3742 1708 sit.
3768 1662 3866 1711 tett-

2311 1739 2429 1787 citas
2455 1739 2564 1788 talis
2582 1739 2790 1788 civitatis
2811 1740 2965 1788 civem
2983 1753 3084 1788 esse
3097 1775 3113 1801 ,
3131 1741 3180 1789 et
3201 1752 3310 1802 quae
3329 1741 3391 1789 sit
3412 1742 3607 1790 miseria
3621 1745 3860 1793 extorrem

2308 1829 2468 1867 errare
2507 1821 2556 1868 et
2592 1820 2877 1881 inquilinum
2904 1821 2953 1869 in
2990 1821 3258 1882 regionibus
3292 1820 3512 1871 finitimis
3549 1824 3863 1883 commorari;

2309 1900 2440 1963 (145)
2472 1902 2586 1950 novi
2632 1903 2799 1965 quanti
2832 1903 3004 1953 reserat
3032 1905 3361 1965 temperantiae
3387 1904 3582 1955 studere
3627 1907 3863 1967 rectisque

2264 1991 2265 1999 ¹
2309 1979 2380 2027 uti
2400 1982 2641 2032 consiliis:
2675 1985 2787 2033 novi
2819 1983 2935 2033 item
2960 1988 3154 2046 contra,
3186 1999 3333 2047 quam
3353 1987 3584 2035 acerbum
3602 1987 3667 2036 sit
3693 1988 3864 2036 delicto

2309 2063 2395 2111 sibi
2419 2064 2543 2113 mala
2567 2067 2888 2127 contraxisse;
2908 2066 3115 2129 denique
3139 2080 3250 2116 cum
3280 2068 3446 2117 multis
3475 2071 3698 2118 versatus
3724 2069 3863 2120 habui

2309 2147 2571 2197 multorum
2595 2162 2764 2210 usum,
2786 2151 2914 2199 unde
2947 2153 3190 2199 contracta
3213 2150 3330 2199 mihi
3351 2153 3466 2200 sunt
3494 2151 3704 2213 hospitia
3727 2152 3864 2201 fami-

2311 2230 2636 2294 liaritatesque
2658 2233 2823 2283 multis
2841 2246 2952 2282 cum
2980 2235 3264 2296 regibusque
3280 2235 3330 2282 et
3360 2234 3642 2284 civitatibus
3669 2236 3865 2299 aliisque

2259 2352 2262 2365 ,,
2311 2311 2585 2361 hominibus
2603 2313 2828 2375 privatis,
2847 2327 3054 2376 quorum
3073 2313 3288 2362 omnium
3317 2313 3526 2364 fructum
3546 2329 3660 2378 vos,
3685 2317 3865 2367 reddita

662 2391 747 2433 τες
771 2366 1036 2444 μεθέξετε,
1063 2365 1153 2423 καὶ
1181 2367 1319 2422 ἔστιν
1348 2367 1469 2438 ὑμῖν
1498 2368 1725 2441 χρῆσθαι
1750 2363 1977 2439 τούτοις,
2006 2364 2132 2422 ὅπου
2159 2363 2220 2422 διν
2259 2372 2262 2383 Α

2312 2393 2431 2442 mihi
2453 2394 2605 2443 salute
2618 2431 2633 2456 ,
2655 2395 3025 2457 participabitis,
3047 2396 3190 2455 prout
3211 2394 3349 2444 vobis
3366 2407 3452 2456 pro
3472 2409 3525 2445 re
3552 2399 3666 2446 nata
3687 2397 3865 2448 videbi-

2311 2476 2409 2522 tur.
2475 2474 2602 2536 (146)
2629 2478 2729 2524 lloc
2760 2487 2956 2537 quoque
2972 2477 3189 2537 reputate
3210 2494 3223 2524 ι
3247 2475 3417 2536 quodsi
3443 2490 3520 2524 me
3543 2477 3865 2541 perdideritis,

2312 2567 2458 2604 nemo
2473 2556 2612 2605 vobis
2628 2556 2752 2605 alius
2771 2555 2831 2605 de
2845 2570 3013 2619 genere
3033 2569 3141 2606 meo
3159 2557 3420 2619 supererit,
3437 2558 3520 2607 sed
3539 2561 3700 2608 toturn
3718 2561 3868 2624 stirpi-

2315 2640 2395 2687 tus
2409 2639 2499 2687 erit
2513 2639 2825 2688 eradicatum.
2842 2640 2986 2701 Atqui
3002 2639 3258 2690 Andocidis
3270 2643 3417 2702 atque
3436 2644 3662 2704 Leogorae
3680 2643 3865 2706 domm,

2275 2732 2276 2743 ¹
2314 2715 2468 2767 donec
2487 2721 2747 2781 superfuit,
2772 2720 2993 2769 dedecori
3014 2720 3152 2769 vobis
3174 2721 3340 2782 utique
3375 2733 3474 2769 non
3507 2722 3628 2782 suit,
3660 2723 3746 2772 sed
3778 2724 3866 2774 boc

2317 2801 2472 2850 multo
2491 2803 2640 2864 magis
2657 2804 2748 2852 ruit
2769 2803 3003 2865 dedecus,
3023 2803 3152 2865 quod
3177 2803 3419 2865 Cleophon
3434 2839 3449 2863 ,
3473 2804 3556 2853 ille
3574 2806 3787 2866 lyrarum
3803 2808 3871 2856 ta·

2316 2881 2423 2943 ber,
2451 2887 2643 2935 extorre
2681 2898 2759 2934 me
2784 2888 2952 2947 agente
2969 2921 2984 2945 ‚
3020 2886 3152 2934 illam
3188 2884 3387 2934 domum
3411 2888 3631 2935 nostram
3655 2888 3865 2939 incoluit.

2318 2969 2468 3015 Nemo
2481 2968 2608 3016 enim
2625 2968 2714 3017 t’uit
2733 2982 2945 3029 unquam
2961 3004 2975 3028 ,
2990 2969 3102 3030 qui,
3122 2967 3323 3017 domum
3336 2971 3553 3017 nostram
3568 2971 3868 3032 praeteriens,

2319 3046 2380 3094 ab
2406 3060 2463 3095 ea
2490 3047 2539 3094 in
2568 3049 2848 3097 memoriam
2877 3049 3022 3098 ullius
3042 3049 3155 3097 mali
3183 3048 3284 3098 sive
3307 3049 3496 3110 publice
3526 3050 3630 3098 sive
3652 3052 3873 3112 privatim

2319 3128 2382 3177 ab
2402 3140 2457 3176 ea
2478 3129 2659 3191 accepti
2680 3130 3017 3179 induceretur:
3085 3130 3215 3192 (147)
3237 3132 3385 3179 nostri
3409 3131 3574 3191 potius
3600 3133 3806 3194 majores
3825 3134 3871 3182 in

2283 3260 2284 3263 Ἴ
2321 3203 2485 3267 bellis,
2509 3220 2619 3268 qua}
2646 3208 2742 3257 suis
2764 3209 2983 3271 auspiciis
3005 3212 3249 3270 gesserunt
3278 3211 3666 3273 quamplurima,
3703 3212 3766 3262 de
3788 3214 3870 3262 bo·

2271 3317 2272 3327 ι
2318 3291 2472 3340 stibus
2488 3295 2615 3342 terra
2635 3294 2850 3356 marique
2871 3293 3069 3344 devictis
3089 3298 3270 3358 tropaea
3289 3297 3500 3345 fixerunt
3515 3332 3530 3357 ,
3557 3299 3766 3348 bonores
3780 3312 3868 3361 ges·

2319 3375 2484 3421 serunt
2501 3373 2617 3423 alios
2633 3376 3011 3438 quamplurimos
3037 3378 3354 3439 pecuniasque
3367 3378 3552 3426 vestras
3563 3380 3783 3441 publicas
3799 3381 3873 3432 ad·

2321 3452 2591 3503 ministram
2597 3458 2666 3515 nt,
2681 3458 2728 3504 et
2742 3456 2925 3505 nullam
2936 3459 3097 3506 tamen
3108 3471 3321 3519 unquam
3331 3458 3567 3506 mulctam
3578 3457 3846 3511 debuerunt
3858 3467 3873 3510 ὅ

2322 3549 2477 3598 neque
2486 3552 2572 3587 nos
2581 3540 2839 3601 quicquam
2857 3540 2908 3588 in
2925 3553 3011 3589 vos
3023 3540 3327 3602 deliquimus,
3345 3553 3503 3601 neque
3519 3555 3689 3591 rursus
3702 3558 3731 3593 a
3745 3545 3875 3594 vobis

2324 3614 2548 3676 injuriam
2563 3618 2831 3680 accepimus
2843 3635 2859 3681 ;
2874 3619 3040 3668 domus
3053 3622 3213 3668 nostra
3223 3620 3436 3669 omnium
3448 3622 3539 3672 suit
3550 3624 3875 3687 antiquissima

2323 3708 2372 3755 et
2397 3704 2661 3753 communis
2677 3704 2896 3751 omnibus
2910 3704 2992 3765 qui
3010 3717 3100 3765 ope
3115 3707 3276 3754 nostra
3294 3705 3590 3770 indigerent,
3613 3723 3773 3772 neque
3790 3711 3875 3761 mit

2325 3784 2374 3833 in
2397 3785 2491 3834 illis
2511 3786 2856 3834 excellentibus
2880 3786 2994 3834 viris
3006 3821 3022 3847 ,
3055 3787 3165 3848 qui,
3190 3786 3433 3848 conjectus
3456 3788 3507 3836 in
3531 3794 3778 3841 certamen
3797 3795 3868 3842 to-

739 3921 751 3940 ,
2285 3904 2288 3920 ,,
2327 3880 2584 3927 rense,vos
2599 3867 2770 3914 horum
2784 3867 3063 3916 meritorum
3080 3868 3278 3928 gratiam
3294 3871 3606 3932 poposcisset.
3635 3875 3767 3936 (148)
3786 3878 3872 3925 No·

674 3945 863 3997 τοινυν,
904 3926 948 3979 εἷ
990 3922 1133 3979 αὐτοὶ
1163 3926 1396 3993 τεθνᾶσι,
1430 3922 1519 3979 καὶ
1555 3922 1674 4001 περὶ
1708 3925 1811 3979 τῶν
1856 3924 2234 4001 πεπραγμένων
2285 3935 2286 3948 ’

2325 3952 2408 4001 lite
2430 3950 2591 4011 itaque
2622 3950 2922 3999 committere
2947 3952 3003 3998 ut
3014 3987 3029 4012 ‚
3045 3950 3156 4012 ipsis
3173 3964 3200 3999 e
3215 3952 3355 4000 rebus
3371 3951 3596 4002 humanis
3613 3956 3873 4019 exemptis,

2324 4031 2554 4095 praeclara
2578 4043 2744 4079 eorum
2765 4032 2975 4078 facinora
2988 4030 3123 4080 obliti
3146 4031 3286 4081 fuisse
3313 4032 3606 4084 videamini:
3640 4037 3875 4088 recordati

2327 4114 2485 4175 potius
2502 4124 2703 4173 operum
2718 4111 2778 4158 ab
2793 4111 2905 4173 ipsis
2925 4112 3264 4175 protectorum,
3285 4114 3550 4174 opinamini
3565 4130 3769 4181 corpora
3789 4133 3873 4169 eo-

2326 4208 2432 4242 rum
2447 4207 2533 4242 vos
2552 4207 2763 4253 cernere,
2782 4193 3048 4253 rogantium
3064 4195 3121 4241 ut
3142 4206 3218 4242 me
3235 4206 3429 4243 servare
3447 4195 3626 4246 velitis.
3653 4202 3880 4261 Ecquem·

2327 4291 2440 4325 nam
2461 4277 2589 4325 enim
2612 4290 2700 4338 ego
2715 4277 2860 4325 alium
2879 4277 2972 4324 huc
2986 4275 3436 4337 ascenderejussero
3454 4291 3543 4339 pro
3556 4292 3636 4329 me
3649 4281 3873 4344 depreca-

2323 4361 2486 4408 turum
2499 4359 3032 4421 ?Numpatrem2³Atqui
3047 4360 3206 4408 vivere
3216 4358 3369 4407 desiit.
3387 4362 3513 4408 Num
3526 4361 3878 4428 fratruum&

2328 4439 2443 4486 nulli
2469 4440 2585 4487 mihi
2604 4442 2731 4488 sunt.
2750 4438 2844 4489 Sed
2858 4440 3060 4488 liberos?
3078 4439 3221 4501 Atqui
3240 4440 3340 4488 nati
3359 4440 3578 4490 nondum
3596 4448 3729 4496 sunt.
3752 4447 3876 4509 (1⁴9)

2325 4522 2423 4567 Vos
2437 4520 2597 4581 itaque
2612 4520 2728 4569 mibi
2738 4523 2786 4570 et
2801 4522 2947 4583 patris
2963 4520 3068 4569 loco
3083 4524 3132 4569 et
3147 4522 3346 4569 fratrum
3360 4523 3409 4568 et
3428 4521 3693 4574 liberorum
3710 4530 3877 4590 estoteg

2324 4601 2387 4651 ad
2410 4616 2496 4653 vos
2516 4606 2757 4664 receptum
2778 4604 2929 4653 babeo
2942 4641 2956 4664 ,
2972 4618 3059 4653 vos
3074 4617 3162 4651 oro
3175 4601 3403 4664 supplex,
3424 4616 3511 4652 vos
3534 4605 3737 4657 obsecro
3753 4646 3768 4670 ‚
3786 4623 3876 4660 m.

2326 4692 2435 4735 vate
2457 4701 2560 4748 me,
2588 4686 2772 4747 ipsimet
2795 4699 2825 4733 a
2841 4686 2977 4733 vobis
2994 4699 3072 4734 me
3088 4688 3284 4734 exorate
3306 4705 3319 4734 e
3341 4686 3492 4735 nolite
3509 4688 3764 4742 Thessalos
3779 4694 3878 4757 qui.

2326 4770 2435 4820 dem
2460 4772 2508 4818 et
2535 4768 2736 4819 Andrios
2761 4767 2946 4816 civibus
2972 4770 3163 4829 propter
3207 4766 3421 4814 virorum
3444 4769 3701 4827 penuriam
3735 4772 3874 4821 ascri.

2287 4852 2288 4855 ’
2326 4848 2438 4897 bere
2453 4884 2467 4909 ,
2490 4861 2571 4896 eos
2589 4860 2701 4895 vero
2715 4882 2730 4906 ,
2750 4844 2831 4906 qui
2850 4844 2952 4905 jam
2969 4847 3082 4892 sunt
3099 4844 3229 4892 cives
3245 4844 3347 4891 sine
3369 4847 3701 4896 controversia
3717 4848 3767 4897 et
3784 4846 3871 4909 qni·

2328 4926 2418 4975 bus
2437 4927 2565 4974 viros
2583 4924 2728 4972 sortes
2745 4935 2845 4971 esse
2862 4921 3113 4981 convenit,
3137 4922 3185 4969 et
3207 4920 3289 4981 qui
3313 4934 3438 4980 esse,
3458 4922 3499 4969 si
3519 4924 3720 4985 volunt,
3739 4924 3868 4973 etiam

2329 5006 2566 5066 poterunt,
2587 5002 2689 5061 hos,
2707 5000 2921 5058 obsecre,
2939 4998 3087 5046 nolite
3110 4996 3322 5058 perdere.
3344 4996 3503 5046 Etiam
3526 4999 3620 5048 boc
3640 5013 3727 5049 vos
3749 5012 3869 5061 rogo,

2276 5116 2277 5119 η
2331 5084 2384 5130 ut
2416 5081 2535 5129 bene
2559 5079 2649 5127 mei
2682 5079 2742 5126 de
2776 5077 2912 5125 vobis
2932 5074 3157 5123 merentis
3175 5074 3354 5135 justam
3389 5074 3626 5126 rationem
3652 5077 3868 5126 habeatis.

2330 5158 2442 5207 Milli
2469 5157 2593 5205 enim
2617 5157 2656 5204 si
2679 5152 3091 5211 obsecundamus,
3120 5165 3216 5199 non
3246 5150 3585 5200 fraudabimini
3614 5154 3750 5203 bonis
3772 5165 3869 5214 quai

2333 5250 2357 5285 a
2378 5248 2458 5286 me
2477 5233 2542 5283 ad
2559 5246 2647 5283 vos
2678 5229 2910 5293 proticisci
2943 5229 3194 5291 poterunt;
3226 5227 3300 5276 sin
3330 5231 3520 5288 autem,
3540 5230 3745 5279 inimicis
3766 5229 3872 5278 mets

2332 5332 2511 5367 morem
2538 5319 2752 5376 gerentes
2768 5350 2782 5376 ,
2812 5325 2889 5360 me
2915 5310 3226 5370 sustuleritis,
3253 5310 3318 5358 nil
3347 5311 3610 5371 quicquam
3636 5313 3868 5372 prosecui-

2333 5398 2396 5453 tis
2407 5434 2422 5458 ‚
2443 5410 2501 5446 ne
2519 5395 2557 5445 si
2577 5394 2772 5463 quidem
2790 5395 3005 5456 tempore
3021 5392 3129 5454 post
3146 5390 3231 5439 tiat
3247 5392 3302 5439 ut
3319 5389 3589 5443 severitatis
3610 5394 3779 5442 vestr-1·
3796 5402 3871 5444 vos
