4467 6542
343 708 399 760 aio
751 697 887 758 arator
905 697 1009 756 XATA
1026 696 1303 758 ΦΙΛΟΚΡΔΤΟΥΣ
1322 699 1519 761 bulioiin.
1793 703 1929 786 (au-ut

293 842 380 892 181τοι
394 826 487 893 πάντες
501 822 689 885 triacontada
704 824 811 901 οὐδεμία
825 825 898 890 ἐλπίς
912 823 1041 903 σωτηρίας
1052 825 1113 900 ὑμῖν
1164 834 1230 897 quod
1245 834 1269 883 in
1285 837 1391 887 adversis
1406 840 1478 889 rebus
1496 840 1562 890 nulla
1581 840 1650 890 iobis
1669 841 1754 893 salutis
1770 857 1826 907 spes
1843 847 1931 910 reliqua

342 913 543 993 δυστυχήσασιν.
581 909 665 971 Ὥστε
679 910 747 980 ἀξιον
763 914 829 986 ὑμᾶς
840 910 1115 1005 παρακελευσαμένους
1159 931 1299 991 aeremia,
1326 935 1407 989 Quare
1420 933 1489 984 decet
1505 936 1833 999 utvosmeiipgoehofimi„
1843 939 1932 1002 φωρ)

343 1003 402 1077 ὑμῖν
422 1003 509 1067 αὑτοῖς
531 998 604 1078 παρὰ
626 997 721 1057 τούτων
745 998 800 1056 νυνί
823 996 870 1069 *δν
893 997 1017 1074 μῑγίθῒην
1039 998 1112 1068 δίκην
1159 1020 1210 1069 istis
1232 1025 1370 1073 extremum
1392 1027 1493 1076 sumatis
1514 1028 1674 1090 supplicium,
1694 1030 1828 1094 ceterisque
1848 1035 1932 1085 crudi

341 1085 442 1157 λαύεῖν,
455 1085 500 1144 καί
521 1093 572 1152 τοῖς
593 1085 678 1149 ἄλλοις
700 1080 829 1155 Ἕλλησιν
849 1084 974 1151 ἐπιδεῖξαι
997 1087 1031 1151 ὑις
1054 1083 1112 1150 τοὺς

343 1173 494 1239 ἀδικοῦντας
512 1178 678 1252 τιμωρεῖσθε,
693 1171 737 1228 καλ
750 1169 809 1237 τοὺς
828 1171 966 1249 ὑμετέρους
988 1170 1115 1249 ἄρχοντας

345 1259 460 1338 βελτίους
471 1258 603 1329 ποιήσετε.
644 1258 688 1337 (io)
707 1256 778 1333 Ἐγὼ
792 1256 839 1332 μὲν
848 1248 892 1315 οὑν
904 1262 978 1316 ταῦθ’
990 1259 1050 1333 ὑμῖν
1063 1280 1116 1314 πα-

319 1346 528 1425 ορακελεύσμαι·
550 1348 616 1420 ὑμᾶς
632 1344 659 1402 δὲ
679 1343 731 1423 χρὴ
745 1343 839 1401 εἰδέναι
860 1342 913 1421 ὅτι,
935 1343 967 1402 ἀν
991 1344 1038 1421 μὲν
1058 1342 1115 1419 ἐμοὶ

343 1437 482 1502 πεισθῆτε,
504 1424 532 1489 εὑ
549 1431 608 1510 περὶ
620 1434 703 1488 atam
717 1430 901 1509 βουλεύσεσθε,
918 1432 940 1488 εἰ
954 1431 981 1488 δέ
996 1430 1047 1507 μή,
1060 1429 1116 1508 χεί·

344 1542 400 1598 ροσι
413 1529 466 1586 τοῖς
477 1519 563 1585 ἄλλοις
578 1518 694 1585 πολίταις
707 1517 846 1598 χρήσεσθε.
897 1516 957 1577 Ἔτι
972 1517 1013 1587 δέ,
1029 1508 1050 1575 ἀι
1069 1517 1115 1573 ἀν-

344 1608 400 1683 δρες
424 1606 570 1678 Ἀθηναῖοι,
597 1604 629 1663 ἀν
647 1607 731 1663 αὑτῶν
758 1605 972 1685 ἀποψηφίσησθε,
993 1603 1116 1678 οὐδεμίαν

344 1694 403 1769 ὑμῖν
417 1692 529 1750 εἴσονται
552 1690 638 1770 χάριν,
653 1690 720 1749 ἀλλά
742 1692 793 1757 τοῖς
812 1690 986 1767 ἀνηλωμένοις
1006 1690 1116 1755 καὶτοῖς

342 1778 476 1858 χρήμασιν
496 1769 534 1845 οἷς
557 1777 710 1858 ὑφήρηνται·
726 1775 793 1836 ὥστε
809 1776 855 1847 τήν
875 1778 921 1854 μὲν
945 1776 1039 1855 ἔχθραν
1057 1780 1117 1851 ὑμῖν

344 1866 431 1931 αὐτοῖς
441 1864 628 1944 καταλείψετε,
642 1868 687 1934 τῆς
699 1862 725 1921 δὲ
738 1863 867 1943 σωτηρίας
883 1864 986 1929 ἐκείνοις
1005 1862 1117 1921 εἴσονται

343 1950 432 2029 χάριν.
446 1953 489 2028 (ir)
501 1949 553 2010 ilat
563 1950 609 2026 μὲν
617 1939 690 2027 edd
700 1950 788 2030 ἄνδρες
800 1950 936 2022 Ἀθηναῖοι,
946 1950 990 2008 καὶ
1000 1949 1117 2027 Ἁλικαρ-

1160 1121 1351 1169 rommonstretis
1367 1135 1410 1171 vos
1421 1122 1517 1173 studme
1537 1123 1665 1185 damtioms
1681 1126 1747 1176 circs
1760 1139 1884 1190 coercere,
1897 1143 1933 1181 τε·

1159 1211 1269 1272 atrosque
1279 1211 1352 1260 duces
1360 1214 1496 1265 emendare.
1537 1216 1586 1277 (16)
1597 1218 1656 1266 ilaec
1668 1218 1741 1280 igitur
1751 1232 1795 1281 ego
1806 1220 1874 1270 robis
1882 1235 1934 1271 sna·

1160 1302 1218 1364 doo;
1229 1307 1362 1355 vosautem
1380 1309 1440 1356 scire
1456 1311 1552 1371 oportet
1560 1310 1639 1371 quod,
1650 1312 1670 1361 si
1682 1312 1741 1361 mliii
1751 1315 1900 1377 auscultatis,
1908 1317 1934 1368 dc

1161 1398 1211 1446 istis
1218 1400 1282 1448 recte
1293 1401 1415 1462 statuetis,
1426 1402 1462 1451 sin
1472 1404 1560 1467 miuus,
1570 1405 1635 1467 quod
1645 1407 1750 1469 reliquos
1759 1410 1824 1459 circs
1832 1412 1936 1462 ciliciolis

1160 1492 1298 1544 deteriores.
1311 1497 1430 1545 Praeterea
1439 1509 1510 1559 reio,
1525 1500 1693 1563 Athenienses,
1702 1502 1722 1551 si
1733 1503 1791 1553 istos
1801 1504 1934 1567 absolvatis,

1161 1587 1253 1635 nullam
1277 1589 1346 1638 robis
1366 1590 1489 1640 liabebuut
1505 1593 1620 1654 gratiam,
1638 1595 1680 1643 sed
1697 1596 1801 1646 salutem
1820 1599 1935 1649 ascribent

1162 1684 1268 1744 pecuniis
1277 1698 1337 1746 quus
1350 1685 1416 1734 iurto
1428 1687 1554 1749 subreptas
1566 1688 1694 1750 proludere
1704 1704 1710 1734 ι
1722 1690 1783 1740 adeo
1798 1694 1826 1741 ut
1838 1693 1935 1743 iuimici-

1164 1778 1207 1827 lias
1227 1780 1400 1842 vobismetipsis
1414 1782 1570 1843 reliqueritis,
1587 1786 1612 1832 et
1628 1783 1667 1833 isti
1685 1785 1790 1834 salutem
1810 1788 1861 1836 suis
1878 1788 1935 1850 inso-

1162 1893 1218 1927 riim
1233 1880 1323 1929 divitiis
1342 1883 1464 1944 acceptum
1480 1884 1613 1934 retulerint.
1649 1885 1699 1947 (17)
1722 1887 1848 1950 narique,
1868 1891 1935 1941 Atlio·

1162 1978 1330 2038 nienses,tum
1348 1981 1566 2033 Hallramassensiis
1579 1987 1631 2034 tum
1648 1986 1688 2034 alii
1703 1989 1745 2051 qui
1764 1989 1796 2038 ab
1814 1992 1865 2041 istis
1882 1993 1936 2053 iuiu

306 2059 331 2097 lo
344 2047 446 2106 νασσεῖς
457 2036 502 2096 καί
516 2041 539 2096 ot
549 2038 623 2096 ἄλλοι
637 2041 660 2096 σί
670 2036 720 2095 ὑπὸ
733 2036 829 2095 τούτοιν
843 2036 1010 2113 ἠδικημένοι,
1025 2036 1055 2093 ἂν
1071 2036 1117 2113 μὲν

345 2124 418 2204 παρδι
437 2125 535 2185 τούτων
555 2124 601 2195 τήν
617 2126 741 2203 μεγίστην
762 2124 834 2196 δίκην
857 2125 971 2197 λάύητε,
986 2130 1118 2200 νομιοῦσιν

345 2213 394 2270 ὑπὸ
404 2212 501 2270 τούτων
517 2210 564 2287 μὲν
576 2211 754 2282 ἀπολωλέναι,
770 2215 837 2287 ὑμᾶς
849 2212 875 2269 δὲ
891 2213 976 2279 αὑτοῖς
991 2211 1119 2289 βεθοηθη·

346 2300 426 2357 κέναι·
448 2298 493 2357 ἐδιν
508 2298 535 2355 δὲ
557 2298 662 2364 τούτους
684 2301 800 2371 σώσητε,
821 2300 964 2374 ἡγήσονται
986 2299 1031 2357 καὶ
1053 2302 1119 2373 ὑμᾶς

345 2384 530 2463 ὁμογνώμονας
560 2386 690 2463 γεγονέναι
722 2394 773 2452 τοῖς
801 2387 890 2451 αὑτοὺς
917 2386 1116 2463 προδεδωκόσιν.

344 2474 431 2533 Ἵλατ’
444 2471 513 2539 ἀξιον
534 2471 630 2529 τούτοιν
650 2471 772 2529 ἁπάντων
794 2472 979 2548 ἐνθυμηθέντας
997 2474 1051 2546 ἅμα
1067 2482 1119 2537 τοῖς

346 2562 427 2639 φίλοις
444 2562 496 2623 τοῖς
516 2558 645 2637 ὑμετέροις
659 2560 799 2615 ἀποδοῦναι
819 2558 895 2637 χάριν
919 2559 963 2616 καί
983 2558 1054 2638 παρδι
1069 2562 1118 2616 τῶν

347 2644 501 2703 ἀδικούντων
515 2642 561 2716 τήν
577 2644 649 2715 δίκην
662 2642 762 2704 λαὺεῖν.

1163 2073 1223 2121 riose
1238 2075 1407 2136 moeoticum,
1417 2075 1436 2123 si
1446 2075 1504 2125 istos
1520 2078 1605 2126 ultimo
1620 2079 1798 2132 mulctaveritis
1809 2086 1935 2150 supplicio,

1163 2169 1332 2218 existimabunt
1348 2183 1373 2219 se
1389 2171 1420 2220 ab
1438 2171 1489 2221 istis
1500 2173 1597 2234 quidem
1613 2175 1718 2236 perditos
1736 2178 1825 2242 luisse,
1842 2194 1857 2229 a
1874 2183 1936 2232 iobis

1163 2266 1244 2312 autem
1261 2266 1380 2314 recreatos
1397 2285 1403 2314 :
1418 2265 1504 2327 quodsi
1516 2267 1611 2317 eosdem
1625 2270 1745 2333 foveritis,
1760 2275 1935 2327 arbitrabuntur

1163 2371 1206 2406 ros
1217 2370 1273 2405 curii
1285 2359 1313 2407 iis
1323 2360 1422 2409 sensisse
1435 2362 1477 2422 qiii
1487 2374 1513 2409 se
1523 2361 1688 2423 prodiderunt.
1730 2370 1849 2419 Coui'cnit
1860 2371 1933 2433 igitur.

1164 2458 1216 2507 lioec
1231 2460 1312 2508 omnia
1322 2461 1345 2509 iii
1355 2462 1470 2511 memoria
1482 2462 1609 2525 babentes,
1619 2478 1663 2514 ros
1672 2466 1755 2516 cadem
1767 2482 1840 2531 opera
1848 2472 1873 2520 et
1880 2470 1934 2520 aiiii·

1164 2560 1197 2607 cis
1208 2561 1293 2610 vestris
1304 2563 1405 2623 gratiam
1414 2563 1515 2623 reterre,
1525 2566 1549 2612 et
1558 2563 1587 2614 de
1601 2565 1739 2617 facinorosis
1747 2570 1890 2633 supplicium
1900 2582 1936 2619 sii·

1166 2667 1240 2703 mere.

643 2850 825 2876 40000,-
1491 2862 1635 2886 ..Μ’-

684 2982 786 3039 XXIX.
1494 2991 1603 3049 XXlX.

310 3188 334 3226 is
428 3164 527 3223 ΚΑΤΑ
543 3161 819 3222 cinnamon
841 3162 1040 3220 Essliloi'oz.
1213 3158 1359 3219 CONTRA
1376 3161 1648 3221 PlssLOCIlATEM
1670 3165 1893 3226 renouatio

1196 3349 1254 3397 Hac
1267 3348 1404 3410 contentio,
1422 3347 1528 3411 judices,
1540 3349 1611 3412 louge
1629 3351 1665 3399 est
1683 3350 1857 3414 infrequentior
1868 3366 1936 3416 quini

1165 3455 1208 3503 ego
1217 3443 1394 3504 exspectabam.
1429 3445 1499 3493 blulti
1509 3446 1573 3493 enim
1589 3448 1657 3494 eraut
1674 3447 1715 3507 qui
1731 3448 1898 3497 minitarentur
1915 3452 1938 3499 et

1165 3545 1270 3594 dicerent
1282 3560 1307 3595 sc
1317 3547 1474 3595 Philocratem
1490 3550 1657 3607 accusaturos;
1675 3562 1781 3610 qnorum
1791 3563 1861 3599 nenio
1873 3551 1940 3600 bodio

308 3379 335 3415 20
387 3344 421 3406 ι0
435 3345 481 3422 μέν
492 3345 562 3424 ἀγὼν
575 3337 665 3422 οὗτος,
683 3334 805 3423 ιδάνδρες
818 3342 952 3415 δικασταί,
966 3344 1121 3424 ἐρημότερος

346 3433 482 3511 γεγένηται
500 3431 518 3504 ἢ
535 3431 585 3508 ἐγὼ
608 3432 780 3510 προσεδόκων.
824 3432 922 3490 Πολλοί
944 3431 994 3511 γδιρ
1008 3425 1075 3503 ἦσαν
1097 3435 1120 3491 οἱ

347 3523 509 3586 ἀπειλοῦντες
521 3519 566 3578 καί
579 3522 602 3577 ot
620 3521 762 3600 φάσκοντες
775 3520 955 3598 Φιλοκράτους
973 3519 1119 3597 κατηγορή-

348 3630 410 3665 σειν·
424 3598 459 3665 diii
470 3607 551 3671 οὐδεὶς
560 3606 614 3663 νυνί
625 3606 752 3685 φαίνεται.
794 3604 831 3664 Ὃ
845 3605 924 3680 κάμοί
939 3606 1009 3663 δοκεῖ
1022 3606 1121 3673 οὐδενὸς

348 3694 453 3751 ἔλαττον
475 3684 539 3751 εἶναι
559 3692 697 3772 τεκμήριον
720 3697 766 3763 τῆς
790 3694 942 3772 ἀπογραφῆς
965 3691 1004 3749 ὅτι
1025 3692 1121 3764 ἀληθὴς

306 3804 333 3842 aa
347 3771 411 3839 οὑσα
424 3779 556 3858 τυγχάνει·
570 3782 592 3836 εἷ
602 3779 651 3857 γδιρ
670 3777 803 3854 μὴπολλά
817 3782 867 3835 τῶν
882 3776 1051 3856 Ἐργοκλέους
1066 3769 1120 3856 εἶχε

1165 3647 1271 3708 apparet.
1305 3645 1332 3694 lil
1344 3645 1409 3707 qnod
1420 3647 1477 3694 niilii
1494 3646 1589 3695 ridetur
1600 3647 1668 3695 niillo
1681 3647 1800 3697 infirmius
1817 3662 1939 3712 argomen-

1165 3751 1217 3797 tiiiii
1234 3760 1314 3796 reram
1331 3761 1383 3797 esso
1401 3748 1463 3795 lianc
1473 3747 1625 3797 delationem.
1657 3752 1718 3798 b'am
1731 3751 1777 3799 nisi
1791 3764 1823 3800 eii
1839 3752 1940 3813 nigras

347 3867 498 3947 χρημάτοιν,
518 3870 564 3926 οὐκ
584 3867 616 3925 ἂν
628 3867 707 3933 οὑτως
730 3859 780 3957 οἷός
799 3870 823 3924 τ’
837 3859 868 3937 ἦν
892 3866 1040 3932 ἀπαλλάξαι
1064 3867 1122 3932 τοὺς

348 3954 515 4031 κατηγόρους.
558 3956 588 4029 (a)
604 3954 675 4031 Ἰἰγδι
687 3954 728 4023 δέ,
738 3958 760 4011 ὠ
773 3954 859 4031 ἄνδρες
873 3952 1003 4022 δικασταί,
1020 3952 1120 4019 πάντας

348 4046 415 4119 ὑμᾶς
431 4037 545 4116 ήγοὺμαὶ
557 4039 650 4097 εἰδέναι
667 4040 706 4097 ύτι
721 4039 891 4118 Ἐργοκλέους
905 4039 946 4097 bib
959 4045 1034 4097 τοῦτο
1048 4044 1120 4115 ὑμεῖς

348 4129 458 4186 θάνατον
474 4126 749 4204 κατεχειροτονήσατε,
763 4127 801 4183 ὅτι
816 4130 901 4191 κακῶς
919 4126 1011 4192 διαθεὶς
1027 4126 1060 4183 τὰ
1075 4132 1121 4196 τῆς

348 4213 447 4279 πόλεως
460 4213 536 4270 πλέον
549 4210 565 4281 ἦ
581 4214 718 4289 τριάκοντα
733 4212 864 4269 ταλάντων
878 4211 966 4269 οὐσίαν
978 4211 1116 4282 ἐκτήσατο.

350 4301 404 4360 Kal
424 4300 521 4358 τούτων
535 4303 586 4356 τῶν
610 4299 753 4378 χρημάτων
770 4298 841 4356 οὐδὲν
855 4302 880 4356 ἐν
895 4303 926 4376 τῇ
944 4297 1017 4355 πόλει
1032 4299 1119 4378 φαίνε-

348 4411 401 4449 ται.
416 4388 510 4449 Καίτοι
524 4387 568 4445 ποῖ
580 4386 632 4465 χρδ,
647 4386 789 4464 τραπέσθαι
802 4386 819 4456 ἢ
831 4391 868 4463 πῇ
883 4389 993 4456 ζητῆσαι
1007 4385 1039 4442 ric
1054 4386 1122 4465 χρή-

1165 3842 1272 3903 pecuniis
1281 3842 1324 3890 iste
1332 3840 1434 3902 plurima
1444 3840 1624 3898 intervertisset,
1634 3841 1725 3889 nonita
1736 3843 1807 3893 facile
1815 3844 1940 3894 dimisisset

1165 3946 1322 3993 accusatores.
1356 3944 1390 4005 (ι)
1412 3946 1461 4003 Ego
1479 3945 1573 4001 autem,
1589 3941 1695 4003 jndices,
1716 3956 1760 3993 ros
1780 3958 1865 3994 ornnes
1882 3946 1942 3995 scire

1165 4045 1276 4103 arbitror,
1296 4058 1338 4093 ros
1361 4044 1483 4104 Ergoclem
1499 4042 1552 4090 ideo
1565 4042 1642 4103 capite
1664 4042 1803 4107 damnasse,
1826 4046 1892 4108 quod
1912 4060 1942 4097 σε

1166 4142 1285 4205 republica
1301 4142 1363 4189 male
1380 4140 1544 4189 administrata
1561 4141 1615 4201 plus
1628 4153 1702 4201 qiiuni
1720 4142 1819 4202 triginta
1839 4144 1944 4193 talento·

1167 4257 1219 4290 rmu
1233 4241 1276 4289 sibi
1289 4254 1338 4288 reni
1348 4240 1490 4289 coniecerat.
1523 4242 1632 4295 Quarum
1642 4240 1799 4301 pecuniarum
1811 4242 1870 4291 uiliil
1881 4257 1947 4292 eom·

1166 4346 1233 4404 paret
1244 4343 1268 4389 iii
1283 4341 1385 4390 ciuitate.
1407 4343 1437 4390 At
1448 4354 1496 4402 qno
1507 4342 1626 4388 vertemus
1636 4352 1694 4397 uos,
1710 4341 1752 4388 aiit
1764 4354 1812 4402 qua
1829 4343 1869 4390 ria
1883 4345 1950 4406 ipsas

1167 4440 1374 4501 investigabimus?
1386 4439 1410 4488 si
1421 4440 1485 4488 enim
1493 4438 1658 4501 anconitanas,
1669 4440 1742 4486 eteos
1753 4440 1842 4501 quibus
1853 4442 1895 4491 ille
1904 4444 1948 4491 lio·

307 4501 334 4538 ao
349 4477 472 4549 ματαςεί
492 4473 542 4553 γδιρ
554 4473 626 4551 παρά
640 4477 692 4538 τοῖς
712 4475 848 4543 κηδεσταῖς
866 4473 910 4530 καλ
924 4464 961 4536 οἷς
979 4475 1070 4537 ἐκεῖνος
1086 4476 1120 4530 οἱ·
1193 4542 1223 4553 ..
1288 4557 1292 4566 .
1328 4541 1350 4551 ..
1381 4540 1417 4550 ..
1486 4539 1549 4587 [bat
1629 4550 1666 4584 na
1701 4540 1786 4587 mm
1857 4553 1871 4588 e
1911 4538 1949 4588 ω

348 4563 459 4622 κειύτατ’
482 4559 624 4639 ἀνθρώπων
646 4563 741 4638 ἐχρῆτο
760 4560 797 4635 μή
818 4559 974 4639 φανήσεται,
1000 4562 1122 4636 χαλεπῶς
1167 4540 1508 4646 mff¹¹¹P¹¹⁵f⁶¹¹¹¹¹¹f¹s¹⁸⁵¹¹¹¹⁰¹¹⁰
1551 4551 1588 4597 ⁰¹⁹
1597 4550 1628 4585 ¹¹⁰
1669 4551 1700 4599 [Ψ
1729 4552 1743 4586 ⁰
1788 4552 1911 4647 'QX‘

348 4648 420 4727 παρδι
443 4655 494 4714 τοῖς
515 4650 615 4725 ἐχθροῖς
637 4628 810 4724 εὑρεθήσεται.
865 4645 895 4722 (a)
919 4644 986 4701 Tim
1009 4646 1035 4702 δὲ
1060 4646 1121 4705 ab.
1166 4636 1274 4684 iuiiiiicos
1284 4635 1439 4695 reperientur.
1474 4633 1945 4696 (biouemautcmlirgoclesiilurisie-

348 4738 442 4813 γοκλῆς
463 4736 523 4814 περὶ
543 4733 660 4799 πλείονος
682 4732 860 4810 Φιλοκράτους
886 4734 1010 4805 ἐποιεῖτο,
1025 4730 1041 4801 ἢ
1059 4705 1123 4811 πρὸς
1167 4736 1199 4783 cit
1211 4749 1284 4796 qnam
1301 4734 1474 4783 iliilociaieiu?
1492 4733 1586 4781 cuinam
1600 4733 1651 4780 erat
1664 4732 1827 4781 iiiniiiaritutc
1841 4735 1943 4796 conjun-

347 4822 396 4879 τίν’
417 4820 558 4902 ἀνθρώπων
580 4821 686 4878 διέκειτο
701 4819 865 4898 οἰκειότερον;
880 4820 909 4876 οὗ
930 4823 980 4876 τῶν
999 4819 1045 4894 μὲν
1060 4823 1121 4895 ὑμε·
1167 4836 1241 4883 ctiori
1257 4847 1335 4882 nonne
1348 4834 1421 4880 istum
1439 4832 1501 4880 inter
1519 4833 1611 4879 vestros
1622 4830 1686 4878 cives
1698 4831 1821 4892 prrecipue
1841 4833 1940 4893 selegit,

348 4909 428 4986 τέθων
447 4907 569 4979 πωλητὴν
593 4907 669 4965 αὐτὸν
691 4905 816 4984 ἕῖύθαίῑι
841 4908 891 4961 τῶν
915 4905 937 4960 δ’
959 4908 1035 4962 αὑτοῦ
1056 4929 1123 4983 λύθη·
1167 4948 1239 4997 qinein
1259 4944 1355 4980 suarum
1368 4929 1509 4977 iacullatiini
1526 4926 1704 4988 procuratorem
1725 4924 1848 4986 efficeret,
1865 4927 1888 4974 et
1900 4938 1939 4987 po

351 4995 440 5069 μάτων
454 4994 550 5070 ταμίαν
565 4993 687 5064 ἐποίησε,
704 4994 748 5050 καὶ
762 4991 791 5049 τὸ
805 4994 949 5048 τελευταῖον
967 4991 1122 5069 τριήραρχον

349 5080 426 5137 αὑτὸν
448 5080 606 5152 κατέστησας
649 5083 680 5157 (i)
704 5079 795 5139 Καίτοι
818 5077 897 5135 δεινὸν
919 5079 941 5133 εἰ
966 5079 988 5133 οἱ
1009 5076 1123 5167 μένκτάς

309 5188 336 5229 aa
351 5166 438 5231 οὐσίας
458 5166 558 5244 ἔχοντες
584 5170 768 5247 δλοφυροῦνται
796 5168 1025 5244 τριηραρχοῦντες,
1051 5168 1123 5269 οὑΙτος

352 5254 364 5273 i
417 5255 425 5274 ‚
543 5253 548 5269 ι
751 5254 758 5272 .
826 5255 833 5274 ,
870 5256 877 5271 .
996 5255 1012 5267 a

349 5252 956 5418 aab&&2221qussGsszrrssgrvevsecuzpzitviq)
976 5274 1122 5406 δήχζῗήὶλξ
1167 5333 1225 5380 bens
1236 5326 1363 5387 susceperit
1375 5323 1399 5371 id
1411 5319 1499 5369 oneris.
1532 5320 1607 5367 lstiini
1620 5315 1690 5376 igitur
1706 5311 1746 5360 illc
1761 5312 1867 5361 triremis
1884 5322 1936 5372 prro·

350 5428 398 5506 οὑχ
406 5430 440 5493 ὡς
452 5387 677 5503 ζημιωθησόμενον
692 5427 768 5485 αὑτὸν
780 5427 936 5508 τριήραρχον
953 5423 1121 5497 κατέστησεν,
1168 5431 1255 5481 tectum
1265 5422 1401 5483 constituit,
1414 5432 1462 5470 nou
1476 5419 1503 5468 iit
1516 5412 1660 5467 incommodi
1672 5410 1782 5475 aliquid,
1797 5410 1838 5462 scd
1856 5411 1883 5458 ut
1899 5422 1937 5473 iio-

1167 5040 1269 5094 sirciiio,
1294 5032 1435 5095 praelectum
1463 5026 1566 5076 triremis
1593 5024 1733 5073 constituit?
1774 5024 1808 5085 (i)
1832 5028 1937 5074 Attamen

1168 5136 1311 5187 liocmirum
1331 5130 1430 5188 accidit,
1443 5128 1477 5188 si,
1497 5139 1572 5187 qiiiiiu
1589 5122 1756 5172 iiiituniitiores
1774 5120 1834 5169 illud
1855 5130 1938 5169 munus

1167 5245 1228 5292 agro
1244 5227 1373 5288 recipiant,
1388 5225 1431 5272 istc
1449 5224 1519 5271 antea
1535 5217 1714 5281 pauperrimus,
1726 5214 1768 5262 illo
1788 5217 1895 5277 tempore
1907 5213 1937 5262 la·
