4467 6542
651 692 762 742 200

650 1072 957 1153 παρέξομαι.

1046 1072 1149 1131 Καί
1173 1095 1259 1148 μοι
1283 1072 1498 1128 ἐπίλαὸε
1522 1070 1579 1128 τὸ
1603 1070 1760 1150 ὕδωρ.

1252 1216 1585 1262 aiAPTrPEz.

737 1364 801 1403 io.
845 1342 1112 1421 Ἐξαρκεῖν
1149 1367 1236 1419 μοι
1274 1343 1465 1418 νομίζω
1505 1341 1571 1399 τὰ
1612 1341 1892 1420 εἰρημένα,
1938 1331 1982 1399 ὦ
2025 1341 2198 1420 ἄνδρες

656 1430 909 1489 δικασταί·
931 1429 1017 1487 ἐὰν
1038 1430 1135 1508 γὰρ
1158 1428 1625 1504 διαμνημονεύητε,
1647 1419 1743 1484 οἶδ’
1768 1425 1846 1484 ὅτι
1862 1427 1925 1485 τά
1947 1451 2002 1485 τε
2022 1427 2199 1485 δίκαια

602 1538 625 1575 b
655 1518 742 1576 καὶ
766 1521 962 1590 τάληθῆ
995 1522 1263 1597 ψηφιεῖσθε
1281 1562 1297 1593 ,
1328 1517 1421 1575 καὶ
1451 1517 1484 1573 ἃ
1515 1515 1617 1594 ἐγὼ
1640 1520 1785 1593 ὑμῶν
1814 1516 2016 1592 δέομαι.

582 2142 632 2181 ¹0

585 3345 637 3382 2⁰

589 4040 641 4076 25

592 4737 645 4774 ³0

1271 1691 1587 1715 ν-..ΟΟο-ο

1323 1812 1530 1870 XXIV.

660 2003 863 2065 ΠΡΟΣ
912 2002 1069 2060 ΤΗΝ
1124 1999 1621 2058 ΕΙΣΑΓΓΕΛΙΑΝ
1666 1999 1843 2057 ΠΕΡΙ
1888 1998 2036 2057 ΊῸΥ
2089 2000 2202 2059 ΜΗ
2244 2028 2255 2082 j·

758 2120 1117 2182 ΔΙΔΟΣΘΑΙ
1157 2121 1261 2201 Τῼ
1305 2118 1653 2200 auriam
1696 2119 2094 2177 ΑΡΓΥΡΙΟΝ.

734 2285 814 2344 Οὖ
838 2283 1028 2340 πολλοῦ
1052 2278 1149 2338 δέω
1168 2279 1321 2357 χάριν
1343 2278 1503 2356 ἔχειν,
1526 2269 1569 2334 ὦ
1596 2277 1783 2353 βουλή,
1804 2280 1877 2357 τῷ
1902 2278 2205 2357 κατηγόρῳ,

660 2370 738 2428 ὅτι
777 2392 864 2445 μοι
911 2366 1270 2446 παρεσκεύασε
1311 2365 1398 2422 τὸν
1436 2368 1609 2440 ἀγῶνα
1645 2366 1861 2424 τουτονί.
1947 2365 2206 2444 Πρότερον

662 2456 762 2536 γὰρ
790 2458 882 2513 οὔκ
909 2454 1045 2533 ἔχων
1081 2452 1337 2532 πρόφασιν
1368 2451 1443 2529 ἐφ’
1479 2443 1539 2520 ἧς
1575 2456 1664 2508 τοῦ
1709 2452 1820 2529 βίου
1857 2452 2006 2527 λόγον
2047 2452 2207 2524 δοίην,

661 2543 768 2602 νυνὶ
811 2540 894 2599 διὰ
935 2546 1112 2599 τοῦτον
1158 2539 1366 2617 εἴληφα.
1458 2538 1559 2596 Καὶ
1583 2538 1901 2616 πειράσομαι
1948 2542 2023 2615 τῷ
2069 2537 2207 2618 λόγῳ

620 2656 642 2691 ο
665 2635 839 2689 τοῦτον
862 2627 952 2703 μὲν
977 2625 1222 2693 ἐπιδεῖξαι
1240 2624 1568 2705 ψευδόμενον,
1594 2624 1812 2699 ἐμαυτὸν
1839 2624 1891 2682 δὲ
1920 2623 2207 2701 βεὸιωκότα

665 2720 822 2796 μέχρι
842 2714 998 2786 τῆσδε
1017 2718 1108 2783 τῆς
1127 2712 1320 2791 ἡμέρας
1341 2710 1550 2768 ἐπαίνου
1577 2713 1773 2785 μᾶλλον
1797 2711 1934 2778 ἄξιον
1953 2709 1986 2779 ἢ
2005 2712 2205 2790 φθόνου·

665 2803 750 2862 διὰ
782 2802 883 2882 γὰρ
912 2799 1055 2859 οὐδὲν
1085 2799 1213 2857 ἄλλο
1242 2821 1331 2874 μοι
1357 2798 1498 2855 δοκεῖ
1519 2797 1917 2875 παρασκευάσαι
1954 2797 2095 2855 τόνδε
2121 2822 2209 2874 μοι

663 2890 749 2947 τὸν
779 2890 1006 2946 κίνδυνον
1030 2877 1172 2953 οὗτος
1195 2884 1229 2954 ἢ
1256 2885 1337 2943 διὰ
1365 2884 1563 2964 φθόνον.
1627 2886 1689 2960 (α)
1721 2884 1909 2943 Καίτοι
1931 2885 2068 2952 ὅστις
2092 2886 2206 2945 τού·

662 2999 766 3041 τοις
785 2975 957 3055 φθονεῖ
976 2972 1059 3039 οὓς
1080 2976 1125 3031 οἱ
1147 2972 1292 3030 ἄλλοι
1312 2973 1535 3040 ἐλεοῦσι,
1554 2970 1686 3035 τίνος
1708 2970 1769 3027 ἂν
1796 2971 1915 3046 ὑμῖν
1939 2975 1966 3029 ὁ
1988 2977 2209 3038 τοιοῦτος

665 3061 991 3139 ἀποσχέσθαι
1018 3061 1156 3117 δοκεῖ
1185 3058 1455 3136 πονηρίας;
1490 3060 1534 3114 εἶ
1566 3059 1658 3132 μὲν
1687 3056 1786 3135 γὰρ
1816 3056 1965 3115 ἕνεκα
1996 3059 2206 3136 χρημά·

663 3173 784 3223 των,
811 3150 1135 3226 συκοφαντεῖ·
1158 3149 1202 3203 εἰ
1226 3147 1271 3202 δ’
1296 3149 1363 3210 ὡς
1384 3145 1564 3223 ἐχθρὸν
1587 3147 1769 3201 ἑαυτοῦ
1795 3167 1858 3218 με
1883 3154 2207 3224 τιμωρεῖται,

664 3235 922 3315 ψεύδεται·
952 3232 1037 3291 διὰ
1062 3233 1162 3312 γὰρ
1198 3232 1292 3303 τὴν
1321 3232 1570 3309 πονηρίαν
1601 3234 1755 3288 αὐτοῦ
1785 3229 1900 3288 οὔτε
1932 3232 2075 3322 φίλω.
2093 3231 2208 3291 οὔτε

665 3327 832 3402 ἐχθρῷ
846 3321 1054 3380 πώποτε
1069 3320 1371 3398 ἐχρησάμην
1392 3321 1551 3398 αὐτῷ.
1591 3317 1650 3395 (a)
1674 3316 1818 3390 Ἤδη
1835 3318 2020 3389 τοίνυν,
2037 3324 2079 3376 ὠ
2102 3325 2213 3397 βου·

663 3409 758 3479 λή,
795 3406 945 3479 δῆλός
975 3410 1082 3464 ἐστι
1110 3408 1322 3486 φθονῶν,
1360 3403 1438 3462 ὅτι
1473 3405 1684 3483 τοιαύτῃ
1723 3404 2038 3483 κεχρημένος
2077 3428 2207 3482 συμ-

666 3504 796 3575 φορᾷ
847 3493 1027 3553 τούτου
1067 3492 1278 3571 βελτίων
1321 3491 1427 3567 εἰμὶ
1473 3492 1705 3562 πολίτης.
1792 3492 1899 3551 Καὶ
1936 3491 2035 3571 γὰρ
2066 3483 2210 3567 οἶμαι

666 3585 789 3652 δεῖν,
811 3572 855 3639 ὦ
886 3581 1047 3659 βουλιίΙ
1072 3626 1085 3655 ,
1115 3579 1181 3638 τὰ
1204 3584 1291 3638 τοῦ
1324 3578 1562 3654 σώματος
1587 3578 1961 3654 δυστυχήματα
1991 3582 2094 3643 τοῖς
2121 3582 2211 3648 τῆς

666 3674 833 3749 ψυχῆς
855 3666 1257 3743 ἐπιτηδεύμασιν
1280 3669 1454 3724 ἰᾶσθαι
1479 3667 1667 3730 καλῶς.
1728 3668 1792 3725 Εἰ
1813 3664 1911 3743 γὰρ
1940 3663 1990 3730 ἐξ
2015 3665 2127 3723 ’ίσου
2147 3669 2211 3743 τῇ

667 3765 907 3837 συμςρορᾶΙ
930 3755 1016 3813 καὶ
1037 3753 1129 3825 τὴν
1145 3754 1372 3812 διάνοιαν
1390 3752 1485 3820 ἔξω
1508 3753 1597 3810 καὶ
1616 3754 1701 3811 τὸν
1723 3752 1878 3810 ἄλλον
1904 3752 2013 3830 βίον
2035 3752 2209 3825 διάξω,

665 3844 716 3902 τί
742 3844 922 3903 τούτου
952 3842 1151 3912 διοίσω;

745 3952 789 3990 4.
836 3930 965 4009 Περὶ
997 3929 1090 4005 μὲν
1119 3922 1205 3987 οῧν
1237 3928 1428 3986 τούτων
1454 3927 1681 3985 τοσαῦτά
1707 3951 1792 4004 μοι
1819 3927 2054 4005 εἰρήσθω·
2084 3928 2212 4006 ὑπὲρ

667 4009 737 4075 ὧν
774 4017 828 4075 δέ
858 4041 942 4090 μοι
970 4016 1219 4094 προσήκει
1246 4016 1411 4092 λέγειν
1433 4018 1501 4080 ὡς
1530 4014 1589 4071 ἂν
1624 4006 1725 4071 οἶόν
1755 4038 1809 4072 τε
1838 4013 1921 4073 διὰ
1948 4015 2212 4094 βραχυτά-

668 4128 771 4163 των
801 4107 919 4183 ἐρῶ.
984 4103 1132 4172 Φησὶ
1161 4102 1259 4180 γὰρ
1288 4106 1314 4158 ὁ
1346 4102 1628 4180 κατήγορος
1657 4104 1713 4159 οὗ
1745 4103 1951 4170 δικαίως
1984 4126 2048 4180 με
2076 4105 2209 4178 λαμ·

670 4191 843 4250 ὅάνειν
870 4189 929 4248 τὸ
957 4187 1100 4268 παρὰ
1128 4194 1220 4259 τῆς
1248 4187 1445 4254 πόλεως
1473 4187 1731 4266 ἀργύριον·
1761 4189 1849 4246 καὶ
1887 4190 1984 4268 γὰρ
2012 4194 2085 4267 τῷ
2110 4190 2213 4247 σώ-

669 4300 797 4353 ματι
822 4276 1067 4335 δύνασθαι
1094 4274 1181 4332 καὶ
1205 4275 1298 4331 οὐκ
1322 4264 1451 4330 εἶναι
1479 4277 1579 4330 τῶν
1603 4274 1886 4346 ἀδυνάτων,
1913 4276 2002 4332 καὶ
2029 4277 2214 4354 τέχνην

669 4364 976 4422 ἐπίστασθαι
998 4360 1242 4431 τοιαύτην
1267 4358 1402 4416 ὥστε
1431 4359 1518 4417 καὶ
1548 4359 1667 4416 ἄνευ
1695 4366 1783 4417 τοῦ
1814 4361 2078 4435 διδομένου
2106 4362 2217 4419 τού-

669 4474 757 4509 του
798 4474 881 4521 ην.
910 4451 973 4527 (ο)
997 4447 1101 4507 Καὶ
1130 4446 1423 4524 τεκμηρίοις
1438 4450 1628 4523 χρῆται
1644 4450 1731 4515 τῆς
1747 4446 1839 4523 μὲν
1860 4452 1949 4504 τοῦ
1979 4449 2216 4522 σώματος

671 4537 876 4618 ῥώμης,
901 4535 978 4594 ὅτι
1004 4535 1087 4593 ἐπὶ
1110 4533 1225 4599 τοὺς
1252 4532 1439 4598 ἵππους
1466 4532 1732 4590 ἀναὸαίνω
1749 4578 1764 4604 ,
1789 4538 1878 4603 τῆς
1907 4535 1951 4591 δ’
1979 4537 2115 4611 ‘'V-‘³33
2131 4535 2214 4591 τέ.

669 4651 767 4704 γνη
798 4623 1068 4704 εὐπορίας,
1099 4622 1177 4681 ὅτι
1207 4621 1432 4696 δύναμαι
1459 4624 1683 4677 συνεῖναι
1704 4621 1997 4696 δυναμένοις
2023 4621 2216 4700 ἀνθρώ-

671 4692 781 4779 ποίς
799 4711 1108 4771 ἀναλίσκειν.
1190 4712 1239 4768 Τ
1244 4708 1304 4779 ὴν
1326 4706 1418 4785 μὲν
1449 4697 1535 4765 οὗν
1567 4708 1624 4764 ἐκ
1646 4711 1736 4778 τῆς
1762 4708 1946 4785 τέχνης
1970 4708 2210 4788 εὐπορίαν

672 4801 759 4858 καὶ
779 4800 865 4858 τὸν
885 4796 1142 4876 ἅλλονζτὸν
1168 4795 1291 4873 ἐμὸν
1322 4794 1448 4874 βίον,
1467 4786 1567 4860 οἶος
1580 4793 1847 4874 τυγχάνει,
1864 4794 2059 4862 πάντας
2083 4799 2217 4872 ὑμᾶς

672 4889 845 4965 οἴομαι
865 4886 1147 4964 γινώσκειν·
1173 4884 1311 4960 ὅμως
1339 4882 1393 4941 δὲ
1413 4883 1559 4960 κάγὼ
1582 4883 1664 4940 διὰ
1689 4883 1925 4962 βραχέων
1948 4885 2068 4962 ἐρῶ.
2155 4884 2215 4961 (o)

675 4976 825 5051 Ἐμοὶ
839 4974 938 5053 γὰρ
966 4977 993 5031 ὁ
1018 4972 1109 5049 μὲν
1136 4970 1309 5050 πατὴρ
1336 4969 1610 5029 κατέλιπεν
1626 4970 1791 5042 οὐδέν,
1817 4969 1911 5041 τὴν
1934 4970 1987 5027 δὲ
2018 4971 2216 5050 μητέρα

672 5061 1054 5130 τελευτήσασαν
1100 5059 1373 5135 πέπαυμαι
1424 5058 1623 5138 τρέφων
1668 5058 1838 5137 τρίτον
1889 5056 1997 5123 ἔτος
2047 5059 2213 5130 τουτί,

676 5149 854 5212 παῖδες
873 5146 925 5204 δέ
949 5169 1037 5221 μοι
1056 5144 1199 5203 οὔπω
1223 5146 1350 5203 εἰσὶν
1371 5144 1423 5203 οἵ
1441 5170 1507 5221 με
1529 5146 1919 5222 θεραπεύσουσι.
1938 5144 2143 5222 Τέχνην
2163 5144 2216 5202 δὲ

676 5234 931 5310 κέκτημαι
952 5232 1150 5310 βραχέα
1172 5233 1456 5309 δυναμένην
1483 5235 1717 5312 ὠφελεῖν,
1746 5234 1808 5302 ἣν
1834 5232 1985 5297 αὐτὸς
2005 5232 2097 5307 μὲν
2117 5232 2216 5303 ἤδη

596 5349 647 5387 33
676 5323 916 5398 χαλεπῶς
936 5321 1237 5397 ἐργάζομαι,
1255 5319 1341 5378 τὸν
1367 5318 1714 5395 διαδεξόμενον
1731 5322 1774 5377 δ’
1793 5318 1950 5388 αὐτὴν
1974 5319 2118 5376 οὔπω
2138 5318 2220 5375 δύ-

679 5429 837 5483 ναμαι
861 5403 1168 5475 κτήσασθαι.
1192 5404 1449 5484 Πρόσοδος
1473 5404 1527 5463 δέ
1546 5428 1632 5482 μοι
1654 5405 1899 5465 οὐκέστιν
1924 5406 2058 5477 ἄλλη
2082 5402 2216 5475 πλὴν

1606 681 1884 740 ΛΥΣΙΟΥ
1926 683 1975 738 Ο
2018 679 2223 737 ΥΠΕΡ
2265 680 2418 738 ΤΟΥ
2458 680 2884 739 ΑΔΥΝΑἸῸΥ.

654 811 840 870 Καίτοι
855 803 1002 887 οἶμαι
1022 811 1207 869 εἰδέναι
1229 814 1364 886 ὑμᾶς
1382 808 1459 868 ὅτι
1482 810 1625 888 εἴπερ
1645 802 1707 881 ἦν
1734 808 2047 881 Πλαταιεύς,
2067 832 2194 867 παν·
2222 819 2232 875 ’Ἴ

649 904 812 977 ταχοῦ
843 901 1040 975 μᾶλλον
1079 899 1112 968 ἢ
1150 898 1390 969 Θήὸησιν
1420 896 1549 963 εἰκὸς
1584 889 1647 968 ἦν
1687 897 1835 955 αὐτὸν
1869 902 2192 972 μετοικῆσαι.

651 966 755 1051 Ὧς
766 977 852 1044 οὖν
872 985 993 1064 ᾤκει
1016 987 1168 1063 [ἐκεῖ]
1184 984 1341 1042 πολὺν
1360 983 1560 1061 χρόνον,
1581 983 1770 1041 τούτων
1792 988 1912 1061 ὑμῖν
1932 983 2194 1063 μάρτυρας
2242 1028 2243 1041 ,
2285 991 2380 1040 illic
2407 1006 2488 1054 per
2514 993 2754 1042 diutinum
2781 997 2970 1055 tempus
2994 998 3322 1045 commoratus
3346 996 3438 1057 sit,
3465 996 3570 1057 ejus
3596 998 3664 1046 rei
3687 1000 3820 1048 testea

2235 1108 2236 1118 η
2285 1079 2563 1139 producam.
2626 1083 2697 1129 Tu
2719 1080 2834 1129 mibi
2857 1094 3032 1144 aquam
3057 1081 3234 1131 inhibe.

3550 683 3813 763 (zv-⁷⁴⁴)

2281 818 2484 868 arbitror
2511 832 2648 880 eum,
2678 820 2716 869 si
2752 834 2919 869 revera
2954 820 3118 869 suisset
3146 822 3448 883 matinensis,
3482 823 3640 873 ubivis
3672 826 3817 887 potius

2283 919 2429 967 quam
2454 906 2629 955 Thebis
2653 920 2715 955 ex
2732 907 2963 969 probabili
2985 907 3309 957 habitaturum
3328 910 3491 959 suisne.
3556 911 3699 969 Quod
3714 925 3820 962 vem

2950 1231 3190 1274 TESTES.

2356 1360 2424 1401 16.
2461 1357 2530 1401 lia
2555 1366 2663 1414 quae
2690 1354 2787 1402 dixi
2815 1355 2930 1403 satis
2961 1368 3062 1404 esso
3090 1355 3281 1417 opinor,
3309 1355 3499 1416 jndices
3526 1376 3537 1405 ε
3570 1371 3770 1419 quorum
3788 1359 3823 1408 si

2290 1440 2597 1487 memineritis
2609 1475 2624 1500 ,
2641 1441 2804 1488 nullus
2817 1441 2881 1489 du
2917 1441 2983 1490 ito
2993 1443 3111 1503 quin
3132 1442 3261 1504 justa
3273 1445 3321 1491 et
3333 1455 3465 1504 vera,
3479 1444 3530 1492 et
3546 1457 3656 1506 quae
3670 1445 3826 1494 avobis

2290 1526 2478 1586 postulo
2495 1562 2509 1586 ,
2530 1526 2632 1576 sitis
2649 1526 2904 1576 decreturi.

2900 1696 3260 1723 ——QOOOQ—

2960 1819 3168 1879 XXIV.

2295 1971 2697 2032 ADVERSUS
2718 1974 3214 2053 DELATIONEM
3260 1976 3470 2048 QUOD
3518 1975 3826 2038 PECUNIA

2374 2068 2701 2126 PUBLICA
2725 2068 2797 2125 El
2824 2069 3170 2129 COLLATA
3191 2069 3416 2130 ESSET
3441 2072 3577 2144 Qm
3627 2074 3829 2135 lMt’o-

2376 2159 2572 2219 TENS
2598 2161 2753 2219 NON
2784 2163 3005 2221 ERAT.

2362 2292 2536 2337 Parum
2546 2288 2680 2337 abest
2691 2325 2704 2349 ,
2717 2291 2974 2343 senatores.
2993 2291 3109 2351 quin
3125 2294 3322 2353 gratiam
3341 2293 3547 2343 babeam
3559 2298 3830 2361 accusatori,

2298 2363 2427 2423 quod
2449 2363 2572 2410 lianc
2591 2363 2705 2411 milii
2727 2366 3082 2414 contentionem
3117 2370 3483 2429 comparaverit.
3549 2374 3670 2420 Nam
3696 2385 3834 2434 quum

2298 2433 2479 2480 nullam
2522 2433 2724 2481 antehac
2763 2435 3060 2483 occasionem
3102 2437 3352 2486 habuerim
3394 2452 3515 2488 meze
3543 2440 3658 2489 vita>
3703 2442 3835 2491 ratio-

2295 2519 2379 2553 nes
2409 2507 2706 2567 exponendi,
2753 2520 2860 2556 eam
2889 2508 3031 2557 hodie
3062 2523 3147 2572 per
3174 2511 3321 2560 istum
3365 2512 3546 2561 inveni.
3614 2514 3671 2563 ld
3706 2516 3837 2578 igitur

2295 2580 2343 2627 in
2367 2593 2474 2628 mea
2501 2582 2718 2631 oratione
2745 2583 2918 2642 enitar,
2948 2586 3003 2632 ut
3027 2587 3078 2632 et
3107 2585 3252 2634 istum
3276 2586 3518 2635 mendacii
3547 2600 3772 2651 arguam,
3796 2594 3838 2639 et

2247 2668 2250 2709 ζ
2296 2668 2373 2702 me
2396 2656 2552 2716 ipsum
2572 2656 2823 2705 ostendam
2860 2658 2926 2705 ita
2959 2658 3010 2705 in
3042 2659 3171 2707 hunc
3207 2674 3359 2722 usque
3383 2661 3512 2711 diem
3543 2664 3694 2713 vitam
3717 2665 3839 2715 insti·

2296 2726 2468 2789 tuisse,
2512 2732 2567 2777 ut
2603 2730 2745 2778 laude
2780 2731 2929 2792 magis
2950 2745 3098 2793 quam
3135 2734 3315 2783 invidia
3341 2734 3516 2798 dignus
3541 2739 3651 2787 sim.
3713 2740 3839 2789 Nulla

2295 2804 2422 2851 enim
2454 2804 2547 2851 alia
2573 2804 2633 2853 de
2667 2818 2812 2853 causa
2841 2806 2929 2854 iste
2959 2806 3078 2854 inibi
3106 2807 3298 2857 videtur
3328 2808 3454 2858 banc
3495 2813 3839 2862 contentionem

2297 2879 2555 2928 instituisse
2600 2893 2746 2941 quam
2791 2885 2983 2944 propter
3029 2882 3274 2932 invidiam.
3363 2885 3433 2946 (2)
3478 2889 3704 2936 Attamen
3754 2891 3841 2950 qui·

2296 2966 2504 3013 cumque
2558 2955 2626 3002 eis
2661 2954 2843 3004 invidet
2890 2968 3013 3016 quos
3071 2957 3359 3007 miserantur
3418 2962 3594 3022 ceteri,
3645 2976 3843 3025 quonam

2297 3029 2613 3089 improbitatis
2662 3043 2833 3091 genere
2889 3032 3127 3082 abstinere
3175 3034 3309 3083 vobis
3363 3034 3617 3086 videatur?
3677 3039 3843 3098 Quodsi

2297 3097 2403 3146 ideo
2443 3111 2521 3146 me
2563 3103 2755 3149 accusat
2795 3100 2924 3162 quod
2962 3102 3099 3151 dives
3127 3103 3247 3164 siin,
3286 3103 3687 3156 calumniatorem
3725 3111 3840 3170 agit:

2296 3174 2368 3221 sin
2418 3187 2495 3222 me
2535 3176 2672 3237 cupit
2717 3178 2882 3226 ulcisci
2931 3181 3164 3239 tanquam
3205 3179 3483 3242 inimicum,
3523 3183 3574 3231 in
3610 3184 3704 3232 boc
3737 3197 3842 3246 quo·

2296 3263 2393 3311 que
2414 3254 2678 3313 mentitur3
2707 3254 2941 3314 siquidem
2969 3259 3162 3317 propter
3190 3257 3547 3318 improbitatem
3572 3261 3720 3323 ipslus
3739 3275 3842 3311 eun

2297 3338 2541 3387 nunquam
2562 3330 2702 3377 amici
2720 3333 2805 3379 aut
2827 3330 3004 3378 inimici
3025 3332 3074 3380 in
3097 3332 3204 3380 loco
3225 3333 3389 3382 habui.
3456 3336 3526 3397 (³)
3550 3340 3746 3388 Constat
3764 3339 3838 3402 igi-

2259 3452 2260 3462 *
2298 3405 2396 3464 tur,
2419 3407 2659 3454 senatores
2675 3443 2690 3466 ,
2710 3407 2856 3455 istum
2879 3407 3001 3455 mini
3027 3408 3266 3470 invidere,
3293 3411 3424 3471 quod
3457 3426 3546 3474 ego
3569 3415 3748 3465 scilicet
3764 3417 3843 3465 bu-

2296 3480 2511 3540 jusmodi
2551 3483 2824 3532 calamitate
2860 3497 3114 3545 oppressus
3149 3489 3532 3548 praestantiorem
3566 3491 3668 3552 ipso
3703 3492 3847 3543 civem

2300 3568 2377 3603 me
2394 3569 2568 3616 geram.
2634 3558 2822 3619 Quippe
2849 3559 3101 3621 existimo,
3125 3563 3400 3622 senatores,
3430 3566 3645 3626 corporis
3671 3566 3846 3616 inmm-

2299 3630 2440 3677 moda
2463 3631 2606 3679 animi
2631 3631 2823 3681 dotibus
2847 3645 2950 3681 esse
2969 3633 3283 3684 emendanda.
3350 3638 3415 3685 Et
3435 3640 3654 3698 protecto
3667 3641 3849 3703 jureita

2301 3705 2489 3754 sentio:
2529 3706 2571 3755 si
2601 3708 2730 3757 enim
2765 3708 2971 3757 similem
3003 3709 3216 3771 corporis
3240 3711 3531 3773 calamitati,
3562 3717 3612 3763 et
3639 3716 3847 3766 animum

2301 3794 2460 3843 geram
2499 3783 2548 3832 et
2575 3786 2784 3833 ceteram
2828 3785 2943 3834 vitae
2975 3787 3211 3837 rationem
3238 3786 3488 3838 instituam
3501 3825 3517 3851 ,
3553 3804 3651 3853 qua
3678 3794 3850 3844 ratione

2302 3853 2448 3901 istum
2472 3854 2741 3915 superabo?
2798 3852 2803 3857 ’

2364 3941 2409 3986 4.
2448 3942 2519 3987 De
2537 3938 2610 3987 his
2634 3939 2775 4000 igitur
2801 3938 3032 3990 hactenus
3058 3940 3152 3990 :de
3168 3942 3346 4003 quibua
3366 3946 3532 3993 autem
3554 3946 3673 3996 mibi
3691 3947 3848 3999 dicen-

2301 4030 2417 4079 dum
2437 4033 2508 4080 est
2522 4067 2535 4091 ,
2551 4045 2607 4080 ea
2623 4045 2769 4093 quam
2785 4032 3062 4083 brevissime
3082 4034 3184 4084 fieri
3204 4036 3379 4097 poterit
3393 4038 3667 4099 expediam.
3730 4044 3850 4091 con·

2301 4122 2454 4170 tendit
2492 4125 2748 4171 accusator
2777 4135 2855 4171 me
2889 4125 3169 4185 1)raeterjus
3201 4126 3404 4187 pecunia
3448 4128 3643 4189 publiea
3668 4133 3849 4180 men·

2301 4210 2392 4257 tari
2423 4229 2434 4257 ι
2465 4223 2574 4258 nam
2593 4212 2644 4259 et
2660 4222 2858 4271 corpore
2883 4211 3048 4260 valere
3062 4248 3080 4271 ,
3106 4225 3264 4275 neque
3286 4226 3388 4262 esse
3405 4227 3434 4262 e
3451 4228 3660 4265 numero
3680 4217 3845 4267 invali-

2302 4297 2502 4358 dorum,
2528 4310 2585 4344 ac
2617 4299 2845 4358 praeterea
2877 4299 3031 4346 artem
3055 4299 3230 4348 callere
3258 4299 3525 4361 eiusmodi,
3553 4305 3610 4352 ut
3631 4304 3733 4353 sine
3762 4305 3849 4354 boc

2303 4384 2626 4431 emolumento
2641 4386 2800 4433 vivere
2819 4397 3010 4445 queam.
3074 4386 3142 4447 (5)
3167 4388 3323 4447 Atque
3340 4388 3515 4437 barum
3534 4402 3694 4439 rerum
3718 4403 3849 4453 argu·

2303 4477 2475 4525 inentis
2515 4478 2684 4538 utitur,
2716 4478 2929 4538 corporei
2963 4478 3146 4527 scilicet
3184 4479 3396 4541 roboris,
3441 4482 3575 4543 quod
3604 4483 3654 4532 in
3704 4497 3849 4547 αμα

2303 4567 2572 4626 ascendam
2592 4569 2803 4629 qiiaestus
2816 4568 2977 4616 autem
2991 4581 3056 4616 ex
3067 4569 3170 4616 arte
3179 4568 3524 4631 provenientis,
3538 4571 3671 4633 qnod
3688 4586 3849 4623 eorum

2304 4661 2553 4709 hominum
2572 4661 2898 4709 familiaritate
2922 4663 3031 4710 utar
3054 4662 3137 4723 qui
3161 4662 3433 4724 sumptibus
3449 4665 3712 4715 tolerandis
3727 4667 3849 4716 aum·

2304 4756 2454 4804 ciunt.
2523 4757 2779 4812 Quaestum‘
2804 4755 2947 4815 igitur
2983 4756 3067 4817 qui
3096 4755 3212 4804 mihi
3238 4769 3303 4804 ex
3329 4758 3436 4805 arte
3460 4760 3700 4821 suppetit,
3729 4763 3849 4809 cete-

2305 4861 2503 4909 ramque
2519 4861 2711 4896 omnem
2730 4848 2846 4895 vitm
2874 4860 2996 4896 mem
3014 4849 3251 4897 rationem
3274 4861 3362 4896 voa
3380 4863 3551 4899 omnes
3573 4863 3849 4913 cognosce-e

2305 4943 2536 5001 arbitror;
2561 4955 2646 5003 ego
2666 4945 2824 4992 tamen
2849 4943 3013 5003 paucis
3031 4942 3280 5005 attingam.
3348 4942 3416 5003 (6)
3450 4945 3568 4993 Mihi
3588 4948 3722 5007 pater
3734 4945 3847 4996 nihii

2306 5037 2521 5097 reliquit;
2543 5039 2743 5084 matrem
2762 5035 3033 5083 defunctam
3060 5035 3216 5083 tribus
3232 5034 3407 5084 abhinc
3428 5037 3568 5087 annis
3610 5039 3736 5087 alere
3769 5035 3851 5086 do·

2304 5130 2418 5178 stiti.
2489 5130 2683 5178 Liberos
2725 5129 2939 5177 nondum
2969 5129 3120 5177 habeo
3148 5128 3230 5191 qui
3256 5142 3333 5177 me
3360 5131 3535 5179 curent
3564 5150 3577 5179 ε
3611 5133 3662 5181 et
3699 5132 3849 5180 arten

2305 5225 2452 5273 calleo
2472 5236 2532 5271 ex
2546 5237 2640 5286 qua
2651 5224 2851 5285 exiguus
2868 5221 3130 5271 admodum
3150 5224 3334 5271 fructus
3346 5224 3529 5284 oritur,
3544 5237 3694 5287 quam
3710 5237 3847 5274 exer-

2305 5333 2389 5367 ceo
2416 5318 2687 5380 (egerrime,
2735 5320 2780 5367 et
2818 5331 3008 5366 servum
3048 5318 3125 5365 cui
3159 5318 3208 5365 in
3246 5330 3420 5367 manua
3456 5317 3647 5372 tradere
3677 5318 3845 5382 poesim

2305 5413 2515 5463 nondum
2544 5414 2716 5462 inveni.
2751 5414 2838 5462 llic
2863 5413 3004 5474 igitur
3035 5411 3168 5460 solus
3191 5409 3307 5458 milii
3336 5409 3628 5474 relinquitur
3651 5418 3841 5472 proven-
