4467 6542
776 708 889 760 246

770 834 985 887 σασθαι·
1016 826 1150 884 ὥστε
1178 828 1234 884 οὗ
1259 828 1600 905 παραφρονῶν
1622 822 1853 904 φαίνεται
1869 824 1983 883 οὐδὲ
2010 829 2076 903 τῇ
2105 824 2308 903 γυναικὶ

773 914 996 979 πεισθείς
1013 959 1027 983 ,
1054 916 1097 970 εἷ
1122 911 1195 988 μὴ
1222 913 1321 992 ἄρα
1347 913 1440 983 τὴν
1477 912 1696 990 ἐρημίαν
1724 916 1879 968 αὐτοῦ
1904 912 1992 968 καὶ
2024 910 2119 981 τὴν
2149 913 2313 969 ἀπαι-

774 1001 886 1059 δίαν
937 994 1078 1066 οὗτος
1122 1000 1359 1077 βούλεται
1397 999 1455 1056 τὸ
1497 998 1657 1073 ὄνομα
1701 1004 1849 1055 τοῦτο
1893 998 2310 1076 προσαγορεύειν.

776 1090 863 1165 (2ι)
886 1087 1082 1152 Ἡδέως
1106 1087 1147 1143 δ’
1169 1086 1227 1142 ἄν
1250 1108 1337 1162 μοι
1357 1087 1492 1143 δοκῶ
1514 1085 1693 1142 τούτου
1716 1083 1964 1142 πυθέσθαι
1983 1090 2074 1142 τοῦ
2096 1084 2312 1162 φάσκον·

718 1198 744 1235 ι
773 1196 856 1240 τος
870 1165 926 1231 εὖ
940 1176 1161 1254 φρονεῖν,
1179 1173 1292 1229 τίνα
1304 1172 1618 1241 ποιήσασθαι
1630 1174 1786 1250 ἐχρῆν
1801 1170 1903 1227 ἀπὸ
1914 1175 2015 1228 τῶν
2028 1176 2285 1247 συγγενῶν
2298 1195 2313 1243 ;

772 1262 966 1338 πότερα
989 1260 1074 1317 τὸν
1101 1259 1204 1316 υἱὸν
1227 1259 1312 1316 τὸν
1336 1259 1513 1317 τούτου
1534 1282 1550 1331 ;
1577 1259 1717 1318 Ἀλλ’
1737 1261 1829 1316 οὖκ
1854 1258 1916 1315 ἂν
1947 1261 2087 1337 αὐτῷ
2107 1259 2314 1331 ἔδωκεν,

770 1433 1054 1511 χρήματος.
1136 1431 1290 1491 Ἀλλὰ
1314 1432 1399 1490 τὸν
1429 1436 1523 1503 τ’ῆς
1553 1432 1774 1512 ἀδελφῆς
1805 1430 1841 1501 ἢ
1867 1430 1954 1489 τὸν
1979 1436 2068 1501 τῆς
2105 1434 2316 1511 ἀνεψιᾶς

772 1518 802 1589 ἢ
826 1519 912 1578 τὸν
932 1525 1019 1577 τοῦ
1048 1522 1288 1600 ἀνεψιοῧ;
1320 1518 1476 1579 Ἀλλὰ
1500 1518 1592 1589 τὴν
1617 1517 1784 1597 ἀρχὴν
1809 1519 1900 1575 οὐκ
1933 1515 2132 1594 ἐγένετο
2173 1520 2314 1597 αὐτῷ

696 1625 743 1662 io
767 1607 927 1673 οὐδεὶς
951 1605 1142 1664 τούτων
1165 1609 1268 1663 τῶν
1296 1607 1580 1683 συγγενῶν.
1670 1609 1761 1681 (22)
1792 1606 1991 1662 Οὐκοῦν
2016 1603 2067 1671 ἐξ
2088 1604 2315 1680 ἀνάγκης

768 1684 830 1764 ἦν
857 1696 999 1772 αὐτῷ
1041 1693 1199 1750 ἄλλον
1230 1693 1345 1750 τινὰ
1371 1691 1687 1762 ποιήσασθαι
1713 1692 1911 1766 μᾶλλον
1936 1688 1970 1760 ἢ
1991 1689 2187 1748 ἄπαιδα
2211 1714 2314 1748 κα-
2353 1715 2357 1755 ι,

767 1788 1022 1857 ταγηρδῖν,
1051 1779 1228 1856 ὥσπερ
1257 1769 1399 1843 οὗτος
1428 1776 1562 1844 ἀξιοῖ
1578 1776 1686 1833 νυνὶ
1717 1776 1889 1837 αὐτόν.
1976 1775 2120 1852 Ἐγὼ
2145 1776 2312 1834 τοίνυν

769 1865 963 1932 πάντας
987 1864 1049 1921 ἂν
1075 1854 1221 1940 οἶμαι
1259 1866 1578 1941 ὁμολογῆσαι
1606 1866 1741 1938 ὑμᾶς
1772 1867 1842 1928 ὡς
1881 1865 1974 1920 οὐκ
2002 1863 2061 1920 ἂν
2092 1862 2311 1934 ποιησά·

771 1974 921 2026 μενος
947 1952 1103 2009 ἄλλον
1139 1950 1442 2028 οἰκειότερον
1471 1953 1599 2024 ἐμοῦ
1634 1948 1896 2019 ποιήσαιτ’
1920 1949 2002 2009 ἄν.
2084 1948 2314 2017 Δειξάτω

692 2060 740 2097 15
769 2036 869 2116 γὰρ
899 2030 1040 2103 οὗτος
1067 2040 1212 2113 ὑμῖν.
1299 2036 1433 2097 Ἀλλ’
1475 2038 1569 2093 οὐκ
1603 2034 1665 2092 ἄν
1690 2058 1815 2093 ποτε
1843 2035 2074 2093 δύναιτο·
2111 2027 2173 2106 ἦν
2212 2035 2314 2115 γὰρ
2353 2062 2357 2087 2

770 2124 930 2189 οὐδεὶς
956 2124 1107 2189 ἄλλος
1133 2121 1383 2200 συγγενὴς
1410 2125 1551 2201 αὐτῷ
1570 2120 1709 2191 πλὴν
1731 2123 1946 2182 τούτων.

846 2232 920 2270 23.
968 2208 1123 2268 Ἀλλὰ
1155 2214 1242 2266 νῦν
1282 2201 1425 2274 οὗτος
1466 2210 1718 2283 ἐπιτιμῶν
1765 2210 1907 2287 αὐτῷ
1952 2207 2188 2287 φαίνεται
2215 2208 2315 2287 οὐχ
2353 2264 2357 2275 ,,

770 2296 846 2355 ὅτι
868 2297 952 2354 τὸν
977 2296 1085 2354 υἷὀν
1111 2298 1205 2353 οὐκ
1233 2294 1516 2364 ἐποιήσατο
1542 2295 1629 2352 τὸν
1661 2297 1846 2364 αὑτοῦ,
1871 2296 1987 2351 ἀλλ’
2011 2293 2090 2351 ὅτι
2129 2294 2188 2351 τὸ
2206 2317 2313 2351 πα-

771 2385 941 2462 ράπαν
976 2383 1259 2453 ἐποιήσατο
1298 2382 1387 2439 καὶ
1416 2384 1507 2438 οὐκ
1535 2380 1864 2449 ἐτελεύτησεν
1899 2379 2073 2446 ἄπαις.
2154 2384 2204 2440 Τ
2206 2382 2312 2437 οὒτ’

693 2484 746 2522 20
773 2470 910 2528 ἔστιν
953 2471 982 2527 ὃ
1017 2475 1262 2549 ἐπιτιμᾷ,
1310 2467 1574 2545 ἐπίφθονον
1617 2476 1835 2544 πρᾶγμα
1878 2467 1968 2524 καὶ
2008 2469 2066 2524 οὗ
2116 2467 2312 2524 δίκαιον
2354 2495 2356 2498 ·

769 2562 929 2617 ποιῶν
949 2581 962 2595 ·
996 2557 1154 2615 ὄντων
1172 2555 1272 2633 γὰρ
1289 2557 1430 2632 αὐτῷ
1457 2553 1657 2610 παίδων
1687 2551 1863 2630 ἐκείνῳ
1893 2552 1998 2610 ὄντι
2020 2553 2200 2609 ἀπαιδι
2224 2553 2314 2611 καὶ

770 2649 1043 2722 ἀτυχοῦντι
1077 2642 1312 2722 φαίνεται
1341 2643 1611 2715 ἐπιτιμῶν.
1699 2641 1789 2715 (24)
1819 2638 1927 2696 Καὶ
1967 2641 2073 2702 τοῖς
2102 2639 2195 2713 μὲν
2219 2638 2311 2696 άλ-

769 2734 874 2795 λοις
903 2730 1094 2787 ἅπασιν
1120 2727 1408 2806 ἀνθρώποις
1430 2726 1519 2783 καὶ
1545 2725 1775 2795 *Ἕλλησι
1801 2726 1889 2783 καὶ
1924 2724 2202 2804 βαρὸάροις
2229 2726 2314 2782 δο-

770 2822 853 2874 κεῖ
873 2819 1043 2881 καλῶς
1072 2807 1214 2879 οὗτος
1238 2818 1265 2870 ὁ
1284 2814 1436 2888 νόμος
1463 2818 1694 2883 κεῖσθαι,
1722 2816 1749 2868 ὁ
1779 2810 1896 2889 περὶ
1925 2815 2016 2880 τῆς
2037 2811 2313 2887 ποιήσεως,

696 2926 747 2966 25
772 2903 861 2962 καὶ
890 2901 975 2959 διὰ
1002 2907 1149 2958 τοῦτο
1172 2904 1401 2978 χρῶνται
1423 2899 1610 2965 πάντες
1634 2900 1802 2977 αὐτῷ·
1827 2902 1854 2955 ὁ
1889 2897 1941 2955 δὲ
1974 2898 2103 2963 θεῖος
2142 2897 2313 2954 οὑτοσὶ

771 2993 865 3047 οὐκ
889 2986 1190 3065 αἰσχύνεται
1210 2988 1294 3044 τὸν
1327 2990 1482 3043 αὑτοῦ
1512 2985 1730 3064 ἀδελφὸν
1759 2984 1948 3054 ταύτης
1966 2987 2056 3053 τῆς
2085 2980 2314 3050 ἐξουσίας

772 3077 1071 3152 ἀποστερῶν
1120 3078 1230 3149 νῦν,
1271 3079 1359 3131 τοῦ
1393 3072 1738 3143 ποιήσασθαι,
1784 3063 1845 3142 ἧς
1881 3070 1995 3127 οὐδὲ
2023 3074 2129 3137 τοῖς
2170 3069 2312 3128 οὐδὲν

770 3160 904 3237 γένει
934 3160 1279 3239 προσήκουσιν
1304 3157 1469 3224 οὐδεὶς
1504 3158 1713 3214 πώποτε
1737 3157 2029 3236 ἐφθόνησεν.
2086 3157 2176 3231 (25)
2206 3146 2313 3214 Οἶ-

771 3271 867 3321 μαι
890 3247 943 3303 δὲ
987 3246 1075 3304 καὶ
1100 3251 1297 3316 τοῦτον,
1323 3244 1466 3311 εἴτις
1492 3243 1796 3323 ἐρωτήσειεν
1819 3241 1973 3300 αὑτὸν
2012 3241 2064 3299 τί
2088 3241 2149 3312 δή
2193 3244 2312 3299 ποτ’

691 3353 743 3391 ao
771 3332 832 3391 ἂν
862 3333 1097 3408 ἐποίησεν
1122 3334 1191 3398 εἷς
1217 3331 1309 3401 τὴν
1332 3332 1491 3400 αὐτὴν
1518 3331 1684 3409 τύχην
1712 3328 1888 3408 ἐκείνῳ
1909 3328 2191 3399 καταστάς,
2218 3330 2313 3387 οὐκ

773 3417 886 3478 ἄλλ’
904 3419 1045 3477 οὐδὲν
1076 3420 1233 3474 εἰπεῖν
1262 3417 1295 3487 ἢ
1323 3415 1401 3474 ὅτι
1426 3416 1691 3486 ἐποιήσατ’
1720 3414 1781 3471 ἂν
1798 3414 1935 3487 ὅστις
1955 3414 2107 3472 αὐτὸν
2127 3412 2311 3490 ἔμελλε

772 3510 937 3574 ζῶντα
962 3502 1290 3583 θεραπεύσειν
1318 3503 1407 3560 καὶ
1445 3502 1826 3572 τελευτήσαντα
1854 3500 2062 3580 θάψειν·
2094 3500 2183 3558 καὶ
2220 3502 2312 3570 δῆ-

768 3594 856 3650 λον
881 3590 958 3648 ὅτι
986 3588 1123 3647 κατὰ
1154 3588 1241 3647 τὸν
1275 3587 1428 3646 αὐτὸν
1448 3594 1625 3646 τοῦτον
1640 3587 1809 3665 (νόμον
1839 3591 1871 3656 ἡ
1901 3586 2103 3656 ποίησις
2128 3583 2314 3663 ἐγένετ’

773 3677 860 3752 ἄν,
891 3676 1004 3733 καθ’
1029 3675 1084 3733 ὅν
1114 3698 1212 3752 περ
1230 3678 1263 3744 ἡ
1297 3674 1419 3749 ἐμή.
1506 3666 1640 3733 Εἶτα
1669 3673 1820 3738 αὐτὸς
1844 3674 1936 3748 μὲν
1967 3675 2010 3729 εἰ
2035 3664 2095 3742 ἦν
2121 3670 2311 3743 ἄπαις,

694 3787 747 3824 aa
771 3762 1037 3834 ἐποιήσατ’
1064 3762 1124 3819 ἀν
1140 3782 1152 3794 ·
1178 3761 1264 3818 τὸν
1287 3761 1340 3818 δὲ
1369 3760 1639 3819 Μενεκλέα
1658 3759 1949 3830 ποιήσαντα
1964 3758 2130 3815 ταύτὰ
2145 3755 2312 3838 τούτῳ

770 3857 1117 3929 παραφρονεῖν
1148 3871 1272 3928 φησι
1295 3846 1386 3905 καὶ
1418 3847 1621 3924 γυναικὶ
1645 3847 1945 3922 πειθόμενον
1974 3845 2312 3915 ποιήσασθαι.

772 3940 895 4001 Πῶς
921 3927 1007 3994 οὖν
1033 3938 1090 3993 οὗ
1130 3935 1342 4013 σχέτλια
1369 3934 1534 4009 λέγων
1573 3933 1834 4013 φαίνεται;
1887 3933 1975 4009 (2ο)
2029 3931 2171 4008 Ἐγὼ
2210 3930 2311 4009 γὰρ

771 4013 918 4096 οἶμαι
944 4023 1120 4099 πολλῷ
1158 4022 1353 4093 μᾶλλον
1389 4026 1563 4077 τοῦτον
1593 4022 1941 4097 παραφρονεῖν
1977 4023 2052 4097 τῷ
2074 4041 2128 4075 τε
2170 4018 2311 4096 λόγῳ

772 4107 938 4186 τούτῳ
984 4099 1026 4186 ᾧ
1054 4107 1163 4163 νυνὶ
1190 4106 1361 4182 λέγει,
1390 4107 1478 4163 καὶ
1508 4098 1581 4172 οἷς
1623 4109 1777 4162 ποιεῖ.
1860 4109 1983 4171 Τοῖς
2015 4128 2071 4162 τε
2115 4105 2215 4183 γὰρ
2239 4105 2315 4162 νό-

692 4215 745 4251 ⁴0
776 4215 888 4270 μοις
911 4194 999 4249 καὶ
1021 4193 1125 4258 τοῖς
1152 4193 1363 4257 δικαίοις
1388 4192 1475 4248 καὶ
1499 4184 1570 4257 οἷς
1599 4191 1748 4256 αὐτὸς
1770 4190 2007 4262 ἐποίησεν
2040 4190 2101 4248 ἂν
2120 4193 2309 4248 τάναν-

770 4281 855 4337 τία
884 4279 1044 4356 λέγων
1067 4278 1328 4358 φαίνεται,
1358 4279 1447 4335 καὶ
1476 4280 1568 4335 οὐκ
1592 4277 1892 4355 αἰσχύνεται
1927 4280 2065 4355 αὑτῷ
2092 4276 2187 4353 μὲν
2222 4278 2311 4335 τὸν

771 4368 924 4443 νόμον
970 4366 1055 4424 τὸν
1099 4366 1217 4444 περὶ
1247 4369 1337 4435 τῆς
1387 4365 1643 4434 ποιήσεως
1686 4369 1848 4421 ποιῶν
1903 4363 2097 4442 κόριον,
2138 4368 2211 4444 τῷ
2259 4363 2312 4423 δὲ

771 4456 976 4533 ἀδελφῷ
1001 4453 1087 4511 τὸν
1116 4451 1266 4509 αὐτὸν
1284 4457 1460 4509 τοῦτον
1491 4455 1656 4523 ζητῶν
1684 4450 1874 4528 ἄκυρον
1901 4456 2138 4521 ποιῆσαι.

849 4562 920 4602 27.
964 4532 1098 4601 Εἶτα
1150 4545 1235 4596 νῦν
1281 4537 1364 4596 διὰ
1397 4538 1444 4595 τί
1485 4537 1846 4616 διαφερόμενος
1891 4538 2034 4605 ζητεῖ
2058 4528 2201 4602 οἶτος
2225 4537 2310 4594 τὸν

689 4644 743 4680 ⁴⁶
771 4628 986 4707 ἀδελφὸν
1023 4625 1110 4685 τὸν
1137 4628 1319 4682 ἑαυτοῦ
1354 4624 1553 4682 ἄπαιδα
1594 4627 1947 4693 καταστῆσαι,
1989 4622 2124 4689 ἄξιόν
2154 4627 2310 4696 ἐστιν,

767 4703 811 4772 ὦ
834 4714 1030 4793 ἄνδρες,
1054 4716 1293 4771 ἀκοῦσαι.
1382 4713 1448 4771 Εἴ
1474 4707 1566 4786 μὲν
1586 4710 1685 4790 γὰρ
1703 4708 1819 4787 περὶ
1842 4714 1930 4767 τοῦ
1957 4709 2203 4784 ὀνόματός
2224 4733 2312 4786 μοι

770 4800 1064 4879 διαφέρεται
1111 4799 1201 4857 καὶ
1243 4797 1533 4867 ἀναίνεται,
1560 4801 1603 4854 εἷ
1632 4797 1733 4872 ἐγὼ
1780 4795 1967 4871 ἔσομαι
2010 4797 2115 4861 υἱὸς
2145 4799 2309 4854 Μενε·

769 4888 969 4957 κλέους,
998 4892 1106 4951 πῶς
1131 4888 1188 4943 οὗ
1226 4885 1460 4965 φθονερός
1496 4887 1676 4959 ἕστιν;
1704 4886 1766 4942 Εἰ
1799 4884 1851 4940 δὲ
1882 4883 2000 4960 περὶ
2024 4883 2311 4961 χρημάτων

772 4974 906 5030 ἐστὶν
940 4978 967 5031 ὁ
1003 4975 1149 5049 λόγος
1190 4975 1360 5052 αὐτῷ,
1402 4971 1704 5037 ἐπιδειξάτω
1747 4971 1865 5045 ὑμῖν
1904 4972 2077 5026 ὁποῖον
2120 4970 2310 5046 χωρίον

698 5085 749 5120 co
772 5060 805 5131 ἢ
828 5060 1084 5118 συνοικίαν
1106 5058 1138 5129 ἢ
1157 5059 1321 5117 οἰκίαν
1343 5058 1614 5117 κατέλιπεν
1636 5060 1823 5121 ἐκεῖνος
1837 5101 1853 5132 ,
1877 5055 1909 5113 ἃ
1934 5054 2036 5132 ἐγὼ
2059 5054 2165 5134 ἔχω
2185 5057 2311 5114 νυνί.

773 5149 839 5205 Εἰ
864 5146 917 5203 δὲ
942 5145 1101 5221 μηδὲν
1125 5145 1316 5203 τούτων
1339 5144 1632 5216 κατέλιπεν,
1666 5144 1697 5200 ἃ
1714 5146 1756 5201 δ’
1782 5134 1845 5214 ἦν
1867 5145 2006 5200 αὐτῶ
2024 5142 2310 5213 ὑπόλοιπα,
2349 5192 2350 5197 ,

1979 5203 1989 5222 .

771 5231 947 5302 ἐπειδὴ
976 5236 1049 5311 τῷ
1072 5236 1277 5312 ὀρφανῷ
1317 5232 1376 5290 τὸ
1402 5231 1637 5311 ἀργύριον
1669 5230 1947 5302 ἀπέδωκεν,
1982 5221 2122 5295 οἶτος
2155 5229 2312 5287 ἔλαὸε

772 5322 956 5387 ζῶντος
1009 5319 1198 5376 ἐκείνου
1253 5318 1358 5389 ἔτι,
1411 5322 1519 5384 πῶς
1564 5320 1621 5375 οὗ
1664 5320 1953 5396 περιφανῶς
1989 5315 2310 5393 ἐξελέγχεται
2349 5357 2350 5363 ,

774 5403 985 5475 ἀναιδὴς
1006 5403 1107 5480 ὤν;
1138 5403 1235 5470 Ὡς
1263 5405 1314 5461 δὲ
1336 5403 1473 5482 ἔχει,
1498 5404 1598 5481 ε’γὼ
1630 5402 1881 5471 ἐπιδείξω.
1969 5400 2058 5480 (28)
2092 5401 2308 5473 Ἐπειδὴ
2349 5413 2350 5420 ’

1525 697 1780 754 malm·
1825 697 1873 753 Ο
1909 695 2088 755 ΠΕΡΙ
2128 696 2282 756 ΤΟΥ
2321 697 2836 758 ΜΕΝΕΚΑΕΟΥΣ
2881 699 3209 759 ΚΑΗΡΟΥ.

2355 830 2357 832 ’
2404 848 2562 899 neque
2583 836 2809 887 delirasse
2831 850 2944 887 eum
2976 849 3132 900 neque
3149 836 3339 887 mulieri
3371 851 3558 889 morem
3580 839 3781 902 gemine
3809 839 3947 890 evicit

2401 928 2728 992 adversarius,
2766 930 2856 979 nisi
2890 932 3105 992 profecto
3134 931 3441 981 solitudinem
3466 932 3573 994 eius
3611 936 3665 983 et
3696 932 3947 983 orbitatem

2399 1019 2518 1069 istoc
2539 1021 2732 1070 nomine
2750 1021 2970 1084 appellet.
3039 1022 3353 1085 (21)1.ubens
3383 1036 3496 1085 ergo
3521 1024 3585 1074 ab
3607 1024 3704 1074 boc
3725 1024 3944 1087 homine,

2353 1140 2354 1148 κ
2399 1114 2483 1175 qui
2507 1126 2671 1176 sapere
2702 1128 2753 1164 se
2785 1114 2929 1177 dicit,
2957 1116 3268 1178 postulat-im,
3300 1121 3948 1180 ecquemnamcognatorm

2353 1229 2357 1260 μ
2400 1202 2625 1265 adoptare
2661 1207 2896 1256 Menecles
2924 1207 3160 1258 debebat?
3199 1221 3318 1259 num
3356 1210 3494 1261 istius
3532 1211 3724 1262 filium?
3748 1214 3890 1276 Atqu*
3906 1214 3949 1263 ei

773 1346 969 1403 ἄπαιδα
999 1344 1151 1403 αὑτὸν
1179 1345 1454 1411 καθιστάς·
1502 1346 1599 1422 οὐχ
1634 1342 1793 1410 οὕτως
1831 1336 1976 1411 οὗτός
2016 1347 2125 1402 ἐστι
2169 1347 2312 1425 φιλο·
2353 1339 2357 1363 ”
2402 1296 2552 1345 finum
2574 1309 2716 1346 suum
2738 1312 2837 1348 non
2863 1304 3197 1361 ‘mammet’
3232 1301 3484 1365 improlem
3520 1318 3627 1367 Ῥω
3655 1318 3711 1355 ⁸⁰
3733 1306 3907 1356 m
3933 1345 3945 1357 ·

2399 1403 2476 1439 nze
2501 1390 2591 1440 iste
2605 1392 2918 1453 pecuniarum
2935 1407 3034 1444 non
3051 1396 3120 1444 ita
3135 1408 3301 1446 aniana
3327 1397 3472 1448 homo
3498 1402 3590 1451 est.
3612 1402 3870 1451 Ataoror'-
3892 1402 3947 1452 Ι-

2400 1484 2520 1533 lium
2531 1520 2547 1545 ,
2568 1486 2925 1537 consobrinaeve
2943 1489 3024 1538 vel
3042 1490 3342 1541 consobrini?
3359 1494 3507 1555 Atqui
3521 1494 3725 1544 omnino
3742 1494 3791 1544 id
3809 1508 3948 1557 gnus

2400 1579 2772 1642 consanguineos
2793 1594 3044 1644 nunquam
3063 1583 3313 1635 babuerat.
3376 1588 3476 1649 (22)
3495 1586 3687 1637 Idcirco
3707 1589 3753 1638 ci
3769 1602 3948 1641 necem

2399 1675 2502 1723 erat
2521 1673 2668 1722 alium
2689 1675 2930 1736 quendam
2957 1676 3213 1741 adoptare,
3239 1682 3297 1729 ut
3314 1693 3376 1731 ne
3400 1682 3619 1744 improlis
3643 1684 3831 1733 sennium
3848 1698 3948 1748 aaa·

2401 1766 2500 1824 ret,
2527 1765 2651 1815 sicut
2669 1766 2758 1817 iste
2784 1781 2914 1818 nunc
2931 1770 2994 1819 ab
3023 1783 3082 1820 eo
3116 1772 3337 1835 requirlt.
3400 1776 3560 1837 Atque
3583 1788 3779 1834 omnes.
3810 1782 3946 1841 puto.

2400 1853 2755 1903 confitebuntur
2771 1855 2930 1918 quod,
2966 1857 3006 1906 si
3030 1870 3308 1921 quenquam
3331 1872 3527 1922 proram
3549 1862 3854 1926 adoptasset,
3875 1877 3948 1915 ne·

2400 1942 2579 1989 minem
2604 1944 2754 2003 magis
2774 1955 2854 1992 me
2874 1943 3157 1994 familiarem
3179 1945 3407 2008 adoptare
3436 1948 3695 2011 potuisset.
3725 1950 3949 2001 ostem

2399 2030 2553 2081 vobis.
2618 2033 2681 2081 At
2704 2045 2951 2095 nunquam
2968 2035 3179 2096 potuerit
3204 2054 3219 2085 ε
3245 2036 3433 2086 nullum
3455 2037 3586 2089 enim
3605 2039 3760 2091 alium
3780 2053 3946 2103 cogna-

2400 2123 2506 2171 tum
2523 2125 2697 2183 praeter
2718 2124 2802 2173 bos
2827 2123 3010 2175 hahuit.

2464 2220 2541 2264 23.
2577 2218 2671 2265 Iste
2692 2228 2806 2265 vero
2825 2230 2978 2280 nunc,
3006 2221 3065 2269 ut
3084 2219 3292 2283 videtur,
3320 2222 3587 2272 Meneclem
3615 2224 3834 2287 incusat,
3858 2240 3947 2276 non

2400 2306 2530 2369 quod
2550 2306 2700 2355 tilium
2716 2320 2859 2357 suum
2879 2321 2977 2357 non
3004 2310 3279 2374 adoptavit,
3307 2313 3390 2363 sed
3407 2314 3540 2377 quod
3558 2316 3714 2366 ullam
3741 2332 3945 2381 unquam

2401 2397 2754 2460 adoptationem
2771 2400 2875 2450 iniit
2905 2401 3147 2464 orbusque
3168 2404 3266 2453 fato
3291 2417 3386 2453 non
3407 2406 3604 2456 functus
3625 2411 3715 2459 est.
3747 2413 3850 2462 Hoc
3874 2415 3939 2462 est

2400 2490 2531 2552 quod
2557 2492 2773 2554 incusat,
2802 2494 3034 2545 invidiose
3051 2498 3098 2545 et
3129 2496 3292 2560 inique
3309 2511 3487 2560 agens:
3510 2500 3604 2550 sibi
3633 2504 3765 2553 enim
3796 2518 3939 2567 quum

2401 2584 2536 2633 liberi
2554 2585 2675 2647 sint,
2701 2586 2814 2635 huic
2835 2588 3056 2637 orbitatis
3085 2590 3345 2640 infortunio
3367 2592 3605 2644 laboranti
3633 2598 3936 2649 conviciatur.

2404 2677 2501 2738 (24)
2518 2682 2585 2726 Ac
2601 2677 2727 2739 apud
2739 2681 2921 2728 ceteros
2937 2681 3133 2742 quidem
3151 2682 3369 2733 homines
3386 2687 3493 2733 tum
3511 2689 3828 2738 Groecostmn
3845 2690 3940 2738 bar·

2400 2769 2541 2818 batos
2550 2770 2654 2819 hacc
2666 2771 2726 2821 de
2742 2772 3046 2835 adoptatione
3055 2777 3234 2826 sancita
3249 2777 3326 2826 lex
3335 2778 3385 2826 in
3394 2781 3551 2841 pretio
3565 2780 3789 2844 babetur,
3802 2796 3940 2846 eaque

2400 2861 2591 2918 propter
2607 2871 2774 2908 omnes
2800 2873 2856 2908 ea
2879 2864 3082 2911 utuntur
3104 2882 3117 2911 z
3140 2862 3227 2913 iste
3249 2877 3365 2913 vero
3382 2868 3587 2926 patruus
3601 2881 3734 2918 nunc
3754 2870 3937 2921 nauem

2399 2963 2542 2999 suum
2574 2951 2891 3002 inverecunde
2913 2954 3003 3003 hac
3029 2955 3255 3005 facultate
3281 2957 3524 3018 privatum
3551 2960 3621 3021 it,
3647 2962 3799 3011 filium
3827 2963 3937 3011 adli·

2400 3047 2475 3093 cet
2494 3045 2777 3107 asciscendi;
2813 3060 2960 3110 quam
2979 3050 3056 3098 vel
3075 3049 3157 3110 iis,
3184 3051 3481 3112 quibuscum
3510 3054 3661 3104 nullae
3692 3056 3939 3106 necessitu-

2400 3137 2533 3187 dines
2559 3138 2943 3201 intercedebant,
2967 3154 3109 3191 nemo
3140 3156 3358 3205 unquam
3383 3145 3579 3198 invidit.
3649 3149 3751 3212 (25)
3772 3153 3937 3200 Verum

2400 3233 2642 3282 enimvero
2676 3234 2860 3283 huncce
2889 3235 3058 3297 opinor
3092 3237 3289 3287 cuilibet
3329 3252 3443 3288 eum
3499 3240 3841 3307 interroganti,
3868 3258 3937 3295 ee-

2400 3330 2516 3393 quid
2539 3330 2705 3380 eadem
2739 3344 2858 3381 usus
2882 3336 3015 3384 sorte
3045 3334 3259 3397 fecisset,
3292 3350 3391 3387 non
3425 3338 3560 3390 aliud
3584 3355 3936 3408 responsurum,

2361 3471 2362 3474 ,
2399 3439 2542 3488 quam
2579 3427 2709 3490 quod
2731 3428 3029 3493 adoptasset,
3053 3432 3137 3495 qui
3162 3445 3276 3483 eum
3315 3437 3444 3485 esset
3483 3434 3606 3487 dum
3629 3439 3815 3491 viveret
3840 3442 3936 3492 loeo

2401 3525 2608 3586 parentis
2624 3526 2842 3577 culturus
2863 3528 3209 3593 exsequiasque
3228 3531 3477 3585 soluturus
3496 3533 3731 3588 defuneto
3752 3559 3766 3589 ε
3787 3543 3836 3590 et
3849 3541 3937 3604 pla-

2400 3635 2518 3671 num
2552 3624 2601 3672 id
2620 3625 2815 3688 quidem
2834 3629 2932 3689 est,
2952 3628 3118 3678 eadem
3136 3630 3227 3680 bac
3249 3632 3378 3694 lege,
3397 3646 3496 3696 qua
3518 3648 3658 3699 mea,
3673 3638 3765 3688 sibi
3783 3640 3934 3688 initum

2400 3714 2456 3761 iri
2488 3713 2866 3775 adoptationem.
2932 3721 3057 3768 Tum
3096 3720 3213 3782 iste,
3239 3722 3278 3772 si
3305 3722 3470 3775 liberis
3503 3728 3766 3791 earu‘nset,
3799 3729 3935 3778 filim

2399 3806 2601 3854 ascitum
2624 3807 2735 3857 isset
2760 3812 2845 3858 :at
2881 3822 2998 3859 vero
3026 3813 3288 3863 Meneclem
3306 3850 3324 3876 ,
3346 3827 3406 3865 eo
3425 3818 3560 3879 quod
3596 3820 3799 3872 eandem
3823 3824 3935 3872 vim

2400 3896 2597 3956 institit,
2629 3898 2900 3948 dementem
2935 3915 3037 3952 ωδε
3065 3903 3134 3953 ait
3162 3904 3450 3972 mulierique
3481 3921 3677 3961 morem
3711 3916 3934 3975 guam

2401 3987 2552 4037 lilium
2568 3989 2830 4051 adoptasse.
2851 3995 3022 4043 Nonne
3037 3994 3198 4045 hercle
3213 4008 3372 4047 meras
3392 4011 3546 4063 nugas
3557 4000 3677 4053 dicit
3688 4006 3711 4053 ἲ
3723 4006 3820 4068 (2ο)
3840 4008 3935 4056 uu

2398 4080 2525 4128 enim
2557 4080 2779 4142 opinione
2816 4083 2906 4133 isto
2935 4086 3091 4135 multo
3127 4088 3274 4150 magis
3320 4088 3468 4140 bomo
3513 4092 3756 4158 dictisque
3787 4097 3933 4148 tacih-

2399 4190 2494 4238 que
2509 4177 2694 4228 delirat.
2760 4181 2962 4242 Legibus
2979 4182 3109 4232 enim
3130 4186 3180 4234 et
3209 4184 3442 4237 institutis
3462 4191 3515 4238 et
3534 4203 3652 4252 que
3678 4194 3781 4257 ipse
3809 4195 3934 4245 rods·

2398 4272 2497 4330 set,
2540 4283 2735 4332 prorsus
2758 4272 2916 4321 aliena
2956 4273 3186 4337 blaterat,
3224 4289 3382 4339 neque
3418 4292 3536 4330 eum
3564 4283 3745 4348 pudet,
3776 4299 3933 4349 qun,

2398 4362 2529 4424 quod
2553 4363 2615 4412 ad
2647 4364 2843 4414 fratrem
2874 4366 3073 4429 attinet,
3097 4368 3158 4417 de
3184 4368 3493 4432 adoptatione
3518 4375 3804 4441 abruptum
3826 4381 3935 4431 itte·

2399 4461 2503 4510 gem
2519 4486 2534 4511 ,
2563 4463 2667 4499 eam
2687 4450 2861 4500 bonam
2879 4456 3035 4502 ratam
3056 4454 3147 4504 sibi
3168 4468 3375 4507 servare.

2462 4549 2536 4593 27.
2559 4547 2657 4593 Cur
2679 4544 2870 4606 insuper
2888 4545 3150 4607 obloquens
3175 4548 3338 4610 cupiat
3355 4548 3449 4600 iste
3467 4552 3672 4605 ἴτω-αι)
3695 4569 3833 4607 snum
3851 4557 3933 4607 im·

2398 4640 2578 4702 prolem
2597 4640 2779 4700 facere,
2804 4651 2962 4701 operae
2977 4641 3183 4702 pretium
3206 4644 3308 4704 est,
3331 4643 3450 4706 viri,
3473 4648 3534 4695 ut
3551 4648 3774 4701 audiatis.
3833 4653 3933 4702 Ete-

2397 4739 2497 4786 nim
2510 4772 2524 4796 ,
2544 4737 2581 4786 si
2608 4738 2801 4798 propter
2823 4748 3001 4786 nomen
3018 4737 3212 4799 quidem
3238 4739 3402 4791 animo
3422 4742 3546 4791 mihi
3568 4743 3769 4796 inimico
3784 4750 3854 4799 est
3873 4749 3933 4797 at·

2398 4845 2494 4894 que
2525 4845 2585 4881 ne
2606 4831 2731 4881 filius
2760 4831 2985 4882 Meneclis
2999 4833 3090 4881 sim
3112 4831 3360 4883 habendus
3393 4840 3616 4899 recusat,
3637 4851 3798 4891 nonne
3812 4840 3935 4904 plau

2402 4935 2662 4984 invidiosus
2691 4937 2794 4983 est?
2818 4935 3001 4984 sivero
3023 4934 3084 4982 de
3115 4933 3251 4983 bonis
3266 4934 3416 4983 verba
3433 4936 3580 4999 facit,
3601 4938 3800 5000 planmn
3815 4940 3936 4989 τοδὶ

2401 5033 2542 5082 {aciat
2561 5045 2588 5081 e
2613 5045 2711 5095 quo
2742 5031 2923 5093 praedio
2948 5033 3034 5080 aut
3060 5030 3214 5079 insula
3238 5029 3444 5081 domove
3461 5031 3670 5086 decessit
3691 5037 3933 5093 Meneta,

2397 5140 2507 5191 quae
2539 5140 2624 5188 ego
2647 5139 2777 5175 nunc
2796 5124 3031 5187 possideo.
3095 5124 3178 5173 Sin
3197 5125 3386 5174 nullum
3417 5125 3599 5178 horum
3617 5129 3935 5194 dereliquerss,

2398 5220 2481 5269 sed
2502 5232 2613 5280 quoe
2638 5218 2681 5267 ei
2700 5219 2882 5279 reliqua
2901 5220 3063 5279 erant,
3080 5216 3271 5278 quando
3288 5217 3473 5279 pupillo
3490 5222 3746 5281 pecuniam
3764 5223 3935 5286 w.

2396 5314 2481 5373 tit,
2510 5312 2598 5361 iste
2624 5325 2681 5359 eo
2700 5311 2857 5359 adhuc
2892 5311 3005 5358 vivo
3027 5309 3289 5371 acceperit,
3318 5322 3481 5361 nonne
3510 5310 3604 5363 iste
3629 5313 3873 5378 improbo
3895 5316 3935 5363 et

2397 5403 2654 5458 trifurcifer
2676 5403 2895 5454 videtur?
2924 5401 3023 5465 (28)
3054 5400 3474 5461 Quemadmodum
3499 5407 3669 5457 autem
3695 5420 3838 5459 resa
3856 5408 3935 5458 ba·
