4467 6542
601 1686 655 1724 to

682 708 787 761 13⁴

1283 844 1624 890 MAPTYPEE.

753 995 797 1034 ο.
839 972 995 1038 Ἴσως
1024 971 1213 1043 τοίνυν,
1252 959 1296 1026 ὦ
1339 968 1515 1045 ἄνδρες
1556 964 1832 1040 δικασταί,
1875 964 1993 1043 περὶ
2030 963 2225 1021 τούτων

678 1061 771 1138 μὲν
820 1059 962 1116 οὐδὲν
1011 1055 1421 1132 ἀπολογήσεται,
1468 1053 1573 1132 ἐρεῖ
1621 1050 1674 1109 δὲ
1728 1049 1853 1130 πρὸς
1908 1054 2043 1123 ὑμᾶς
2097 1048 2228 1127 ἅπερ

676 1147 872 1224 ἐτόλμα
900 1144 1067 1223 λέγειν
1094 1140 1326 1221 καὶπρὸς
1350 1142 1433 1198 τὸν
1462 1137 1748 1210 διαιτητήν,
1777 1142 1845 1203 ὡς
1877 1140 1970 1195 οὗκ
1996 1137 2103 1194 ἔστι
2127 1141 2229 1194 τῶν

680 1232 1009 1313 ἀπορρήτων,
1045 1231 1132 1289 ἐάν
1157 1253 1230 1295 τις
1260 1228 1380 1306 εἴπῃ
1411 1226 1498 1286 τὸν
1523 1224 1724 1305 πατέρα
1755 1222 2111 1282 ἀπεκτονέναι·
2141 1222 2229 1281 τὸν

679 1319 781 1400 γὰρ
812 1319 969 1393 νόμον
996 1320 1051 1375 οὗ
1076 1315 1220 1375 ταῦτ’
1245 1313 1616 1393 ἀπαγορεύειν,
1650 1313 1766 1370 ἀλλ’
1804 1310 2109 1391 ἀνδροφόνον
2136 1311 2231 1369 οὐκ

678 1410 768 1466 ἐᾶν
782 1407 969 1482 λέγειν.
1057 1405 1118 1479 (7)
1146 1402 1289 1479 Ἐγὼ
1308 1404 1354 1460 δ’
1373 1393 1520 1476 οἶμαι
1536 1404 1690 1476 ὑμᾶς,
1712 1389 1756 1457 ὦ
1777 1398 1953 1477 ἄνδρες
1969 1397 2230 1469 δικασταί,

678 1493 737 1550 οὗ
761 1491 879 1572 περὶ
915 1494 1015 1549 τῶν
1056 1489 1325 1566 ὀνομάτων
1367 1486 1716 1567 διαφέρεσθαι,
1747 1484 1883 1544 ἀλλὰ
1919 1488 2010 1555 τῆς
2036 1484 2229 1542 τούτων

678 1578 934 1652 διανοίας,
982 1575 1070 1633 καὶ
1114 1574 1312 1640 πάντας
1351 1573 1539 1631 εἰδέναι
1579 1571 1685 1642 ὅτι,
1714 1571 1825 1629 ὅσοι
1871 1568 2223 1648 [ἀπεκτόνασί

680 1687 849 1735 τινας,
886 1663 975 1720 καὶ
1005 1660 1303 1741 ἀνδροφόνοι
1330 1664 1432 1718 τῶν
1463 1662 1633 1717 αὐτῶν
1672 1661 1805 1736 εἶσι,
1834 1658 1923 1714 καὶ
1956 1656 2103 1727 ὅσοι]
2141 1661 2231 1713 ἀν-

682 2009 800 2089 περὶ
843 2009 1053 2067 πάντων
1083 2008 1360 2079 ἐδήλωσεν.
1473 2008 1540 2088 (8)
1572 2009 1653 2066 Οὖ
1677 2006 1778 2084 γὰρ
1806 2004 1999 2079 δήπου,
2027 1992 2070 2062 ἀ)
2102 2003 2235 2066 Θεό·

685 2120 905 2173 μνηστε,
937 2099 982 2153 εἷ
1008 2096 1102 2172 μέν
1134 2096 1209 2162 τίς
1236 2096 1283 2153 σ’
1304 2094 1439 2154 εἴποι
1468 2092 1793 2173 πατραλοίαν
1823 2091 1857 2162 ἢ
1880 2090 2231 2170 μητραλοίαν,

684 2182 853 2252 ἠξίους
881 2181 942 2240 ἂν
971 2182 1125 2240 αὐτὸν
1149 2183 1323 2261 ὀφλεῖν
1347 2204 1428 2239 σοι
1449 2180 1614 2253 δίκην,
1635 2183 1678 2237 εἰ
1703 2179 1758 2237 δέ
1785 2203 1858 2244 τις
1888 2178 2020 2235 εἴποι
2040 2180 2109 2242 ὡς
2137 2176 2231 2247 τὴν

682 2275 929 2328 τεκοῦσαν
951 2267 985 2338 ἢ
1005 2267 1091 2326 τὸν
1119 2267 1351 2348 φύσαντα
1372 2268 1610 2339 ἔτυπτες,
1634 2266 1736 2346 ᾤου
1758 2265 1820 2323 διν
1839 2265 1991 2323 αὐτὸν
2017 2264 2233 2340 ἀζήμιον

689 2359 792 2414 δεῖν
840 2347 969 2413 εἶναι
1014 2360 1081 2421 ὡς
1126 2356 1269 2412 οὐδὲν
1314 2359 1416 2411 τῶν
1468 2354 1776 2432 ἀπορρήτων
1819 2350 2081 2431 εἰρηκότα.

2186 2371 2210 2407 ι)

584 2457 680 2505 117
687 2441 883 2507 Ἡδέως
914 2441 1014 2520 γὰρ
1040 2441 1101 2499 ἄν
1127 2464 1216 2499 σου
1240 2439 1498 2515 πυθοίμην
1526 2440 1674 2517 (περὶ
1701 2444 1850 2496 τοῦτο
1874 2437 1973 2517 γὰρ
2005 2350 2239 2502 δεινὸς(εὶῖ

618 3687 669 3724 10

623 4390 671 4427 15

686 2530 774 2586 καὶ
796 2529 1154 2605 μεμελέτηκας
1179 2528 1268 2585 καὶ
1288 2529 1452 2585 ποιεῖν
1482 2528 1570 2585 καὶ
1598 2526 1812 2602 λέγειν)·
1846 2523 1894 2582 εἴ
1913 2524 1987 2589 τίς
2017 2547 2073 2581 σε
2098 2522 2233 2582 εἴποι

688 2620 832 2696 ῥῖψαι
855 2615 947 2685 τὴν
979 2614 1201 2687 ἀσπίδα,
1229 2617 1282 2672 ἐν
1310 2613 1362 2671 δὲ
1388 2618 1463 2693 τῷ
1490 2613 1634 2688 νόμω
1662 2612 1863 2692 εἴρητο,
1908 2611 1997 2668 ἐάν
2025 2634 2099 2676 τις
2134 2611 2233 2691 φά-
2275 2636 2278 2655 0

689 2727 789 2780 σκῃ
832 2700 1274 2772 ἀποὸεὸληκέναι,
1315 2700 1556 2758 ὑπόδικον
1584 2673 1748 2775 εἴναι,
1779 2700 1871 2756 οὐκ
1911 2696 1972 2755 ἂν
2002 2698 2234 2765 ἐδικάζου

689 2790 859 2867 αὐτῷ,
901 2787 1018 2845 ἀλλ’
1046 2786 1247 2867 ἐξήρκει
1276 2786 1338 2844 ἄν
1366 2809 1447 2844 σοι
1489 2784 1750 2865 ἐρριφέναι
1791 2782 1886 2854 τὴν
1916 2782 2110 2840 ἀσπίδα
2147 2782 2237 2840 λέ-

689 2897 828 2950 γοντι
859 2868 1005 2932 οὐδέν
1044 2895 1124 2931 σοι
1155 2873 1362 2950 μέλειν;
1402 2872 1518 2930 οὐδὲ
1558 2873 1658 2951 γὰρ
1691 2870 1749 2929 τὸ
1780 2869 1910 2927 αὖτό
1940 2872 2050 2927 ἐστι
2091 2869 2238 2949 ῥῖψαι

695 2960 784 3017 καὶ
823 2958 1257 3030 ἀποὸεὸληκέναι.
1353 2960 1445 3036 (to)
1487 2958 1625 3017 Ἀλλ’
1673 2958 1777 3015 οὐδ’
1822 2955 1885 3014 ἂν
1914 2959 2014 3013 τῶν
2057 2955 2238 3013 ἕνδεκα

689 3046 958 3126 γενόμενος
987 3044 1290 3118 ἀποδέξαιο,
1336 3045 1383 3103 εἴ
1426 3069 1503 3111 τις
1533 3044 1726 3122 ἀπάγοι
1759 3042 1874 3101 τινὰ
1901 3041 2111 3123 φάσκων
2137 3045 2241 3100 oot-

690 3134 877 3208 μάτιον
902 3131 1252 3192 ἀποδεδύσθαι
1271 3133 1305 3203 ἢ
1335 3133 1423 3191 τὸν
1452 3132 1760 3211 χιτωνίσκον
1782 3129 2101 3201 ἐκδεδύσθαι,
2125 3131 2241 3189 ἀλλ’
2280 3146 2282 3173 ¹

691 3220 870 3302 ἀφείης
894 3220 958 3278 ἂν
986 3220 1073 3277 τὸν
1099 3219 1250 3276 αὐτὸν
1287 3218 1499 3297 τρόπον,
1527 3217 1605 3275 ὅτι
1630 3221 1686 3276 οὗ
1717 3217 2021 3287 λωποδύτης
2048 3216 2239 3293 ὀνομά-

691 3315 849 3376 ζεται·
930 3307 1036 3365 οὐδ’
1064 3305 1113 3364 εἴ
1139 3330 1215 3372 τις
1243 3308 1409 3364 παῖδα
1439 3304 1711 3382 ἐξαγαγὼν·
1737 3303 1955 3384 ληφθείη
1972 3349 1988 3377 ,
2036 3307 2132 3363 οὐκ
2174 3304 2239 3362 ἂν

694 3397 910 3477 φάσκοις
937 3393 1092 3453 αὐτὸν
1137 3394 1550 3475 ἀνδραποδιστὴν
1583 3384 1741 3464 εἶναι,
1773 3392 1917 3471 εἴπερ
1959 3395 2107 3470 μαχῇ
2135 3400 2243 3458 τοῖς

691 3483 957 3561 ὀνόμασιν,
990 3480 1123 3540 ἀλλὰ
1158 3480 1234 3558 μὴ
1257 3489 1363 3547 τοῖς
1405 3479 1571 3559 ἔργοις
1601 3478 1686 3537 τὸν
1721 3484 1839 3538 νοῦν
1865 3478 2143 3559 προσέξεις,
2172 3471 2244 3536 ὧν
2283 3492 2284 3519 ¹

694 3571 845 3629 ἕνεκα
888 3570 956 3629 τὰ
982 3568 1213 3646 ὀνόματα
1252 3567 1442 3633 πάντες
1469 3568 1712 3624 τίθενται.
1796 3565 1883 3643 (11)
1925 3564 2045 3625 Ἔτι
2074 3565 2241 3624 τοίνυν

695 3658 990 3734 σκέψασθε,
1031 3647 1075 3715 ὦ
1103 3655 1281 3736 ἄνδρες
1328 3654 1589 3712 δικασταί·
1619 3652 1790 3711 οὑτοσὶ
1832 3652 1931 3732 γάρ
1971 3675 2058 3729 μοι
2103 3654 2244 3710 δοκεῖ

693 3744 792 3803 ὑπὸ
822 3744 1072 3825 ῥᾳθυμίας
1096 3743 1185 3801 καὶ
1209 3740 1470 3819 μαλακίας
1488 3740 1592 3799 οὔδ’
1616 3741 1685 3806 εἷς
1705 3737 1762 3798 'A
1772 3762 1903 3818 ρειον
1921 3739 2088 3817 πάγον
2117 3741 2244 3796 ἀνα·

695 3830 990 3903 6ε6ηκέναι’
1072 3830 1259 3894 πάντες
1305 3827 1404 3907 γὰρ
1444 3827 1724 3886 ἐπίστασθε
1758 3826 1836 3884 ὅτι
1880 3830 1931 3885 ἐν
1960 3826 2140 3906 ἐκείνῳ
2169 3829 2244 3904 τῷ

695 3917 889 3996 χωρίῳ,
913 3915 1037 3973 ὅταν
1071 3914 1161 3982 τὰς
1178 3921 1268 3973 τοῦ
1298 3915 1451 3995 φόνου
1496 3914 1639 3979 δίκας
1676 3914 2014 3985 δικάζωνται,
2051 3916 2109 3971 οὗ
2153 3913 2239 3970 διὰ
2288 3956 2289 3959 ¹

695 4011 874 4071 τούτου
919 4016 1008 4069 τοῦ
1056 4010 1304 4087 ὀνόματος
1341 4011 1433 4075 τὰς
1467 4009 1745 4085 διωμοσίας
1784 4015 2080 4081 ποιοῦνται,
2107 4007 2244 4066 ἀλλὰ

698 4099 761 4157 δι’
792 4090 950 4175 οἷπερ
1003 4097 1106 4173 ἐγὼ
1134 4100 1307 4162 κακῶς
1349 4096 1568 4166 ἀκήκοα·
1616 4101 1643 4154 ὁ
1672 4094 1764 4173 μὲν
1795 4094 1895 4174 γὰρ
1939 4094 2136 4152 διώκων
2179 4098 2249 4161 ὡς

699 4187 888 4244 ἔκτεινε
918 4182 1219 4258 διόμνυται,
1250 4187 1277 4239 δ
1307 4182 1360 4240 δὲ
1406 4181 1605 4262 φεύγων
1646 4184 1715 4248 ὡς
1752 4185 1842 4240 οὐκ
1872 4180 2108 4240 ἔκτεινεν.
2154 4184 2243 4259 (12)

698 4274 903 4331 Οὐκοῦν
944 4269 1136 4327 ἄτοπον
1166 4268 1228 4326 ἂν
1258 4268 1336 4339 εἴη
1373 4267 1458 4324 τὸν
1492 4265 1708 4333 δόξαντα
1749 4276 1945 4325 κτεῖναι
1986 4268 2248 4348 φάσκοντα

700 4358 1003 4439 ἀνδροφόνον
1034 4349 1163 4413 εἶναι
1183 4401 1199 4432 ,
1229 4354 1307 4413 ὅτι
1336 4360 1362 4413 ὁ
1391 4352 1608 4426 διώκων,
1636 4358 1704 4421 ὡς
1743 4354 1932 4412 ἔκτεινε
1952 4400 1968 4431 ,
2000 4355 2086 4412 τὸν
2121 4355 2249 4435 φεύ-

699 4469 855 4526 γοντα
876 4444 1188 4522 διωμόσατο.
1272 4442 1341 4503 Τί
1369 4441 1469 4520 γὰρ
1492 4447 1656 4499 ταῦτα
1673 4485 1688 4513 ,
1714 4433 1785 4499 ὧν
1814 4434 1956 4507 οὗτος
1984 4443 2106 4522 ἐρεῖ,
2137 4444 2249 4500 δια·

699 4536 881 4617 φέρει;
924 4533 1014 4592 καὶ
1050 4531 1201 4597 αὐτὸς
1231 4529 1325 4607 μὲν
1357 4530 1530 4588 Θέωνι
1560 4528 1875 4610 κακηγορίας
1918 4530 2143 4587 ἐδικάσω
2172 4532 2248 4586 εἷ-

699 4625 846 4681 πόντι
870 4645 928 4680 σε
955 4619 1213 4701 ἐρριφέναι
1240 4616 1333 4689 τὴν
1356 4618 1570 4675 ἀσπίδα.
1657 4617 1845 4675 Καίτοι
1878 4616 1995 4695 περὶ
2034 4618 2127 4693 μὲν
2158 4621 2249 4675 τοῦ

703 4715 848 4790 ῥῖψαι
874 4710 1018 4768 οὐδὲν
1049 4711 1102 4766 ἐν
1129 4711 1205 4787 τῷ
1231 4706 1376 4785 νόμῳ
1403 4704 1638 4784 εἴρηται,
1668 4705 1757 4762 ἐὰν
1786 4704 1842 4762 δέ
1870 4728 1943 4769 τις
1968 4704 2086 4781 εἴπῃ
2117 4706 2251 4761 ἀπο·-

703 4797 1010 4868 Gema-,xiva
1029 4795 1122 4867 τὴν
1148 4795 1371 4865 ἀσπίδα,
1395 4791 1737 4858 πεντακοσίας
1760 4790 1998 4870 δραχμὰς
2025 4791 2249 4870 ὀφείλειν

704 4885 917 4943 κελεύει.
1006 4884 1095 4963 (13)
1117 4886 1322 4943 Οὐκοῦν
1360 4880 1541 4953 δεινόν,
1575 4883 1638 4952 εἰ,
1670 4878 1791 4937 ὅταν
1815 4879 1909 4955 μὲν
1938 4877 2029 4955 δέῃ
2055 4878 2113 4935 σὲ
2147 4901 2250 4935 κα-

710 4976 809 5038 κῶς
846 4969 1139 5029 ἀκούσαντα
1165 4969 1284 5035 τοὺς
1327 4965 1535 5048 ἐχθροὺς
1574 4972 1937 5045 τιμωρεῖσθαι,
1977 4964 2110 5023 οὕτω
2137 4963 2252 5031 τοὺς

626 5079 678 5112 201·
705 5059 886 5133 νόμους
912 5058 1088 5133 ὥσπερ
1114 5057 1216 5133 ἐγὼ
1234 5063 1321 5114 νῦν
1350 5056 1654 5132 λαμὸάνειν,
1691 5053 1814 5111 ὅταν
1843 5055 1889 5111 δ’
1913 5052 2080 5131 ἕτερον
2106 5051 2252 5132 παρὰ

708 5145 820 5208 τοὺς
862 5142 1047 5217 νόμους
1098 5142 1244 5220 εἴπῃς
1288 5146 1486 5212 κακῶς,
1529 5143 1622 5199 οὐκ
1666 5140 1821 5208 ἀξιοῖς
1861 5141 2035 5197 δοῦναι
2080 5140 2250 5206 δίκην.
2301 5171 2304 5189 ν

713 5231 934 5311 Πότερον
958 5229 1092 5288 οὕτω
1113 5230 1174 5288 σὺ
1202 5230 1359 5296 δεινὸς
1387 5222 1434 5288 εἶ
1454 5230 1588 5289 ὥστε
1615 5227 1752 5297 ὅπως
1778 5229 1839 5287 ἂν
1874 5229 2061 5307 βούλῃ,
2083 5221 2185 5292 οἷός
2207 5228 2254 5281 τ’

1625 690 1903 750 Ars-ior
1948 691 1996 748 Ο
2044 691 2245 749 ΚΑΤΑ
2284 691 2808 751 ΘΕΟΜΝΙΙΣΤΟΥ
2853 694 2919 751 Α.

3590 695 3885 778 (nv—ass)

2972 847 3216 889 τεο-τῖε.

2379 979 2427 1020 6.
2464 976 2640 1021 Forsan
2662 973 2820 1034 igitur,
2840 974 3042 1035 jndices,
3063 973 3124 1021 de
3142 973 3216 1022 iris
3240 974 3360 1023 nihil
3384 977 3729 1045 respondebit3
3749 986 3890 1037 vobin

2317 1060 2478 1107 autem
2503 1072 2561 1107 ea
2581 1058 2706 1108 dicet
2729 1072 2839 1121 quoe
2866 1072 3028 1107 coram
3046 1060 3226 1109 arbitro
3243 1060 3405 1111 dicere
3430 1064 3678 1130 audebat,
3710 1082 3889 1135 Μωμ-

2316 1158 2413 1194 non
2444 1158 2545 1195 esse
2584 1159 2753 1195 eorum
2776 1160 2885 1208 qum
2921 1147 3024 1207 lege
3069 1147 3436 1210 interdicuntur,
3463 1152 3504 1200 si
3536 1154 3655 1215 quis
3674 1156 3889 1220 aliquem

2317 1231 2494 1281 dixerit
2533 1233 2609 1282 τὸν
2636 1235 2812 1295 πατέρα
2846 1234 3144 1282 ἀπεκτονέναι
3162 1270 3178 1296 ,
3208 1238 3416 1297 patrem
3447 1240 3699 1292 occidisse
3730 1260 3747 1293 :
3784 1246 3889 1296 {mc

2319 1320 2445 1376 enirn
2480 1319 2632 1382 legem
2658 1333 2754 1369 non
2778 1322 2967 1382 vetare,
2990 1320 3073 1370 sed
3104 1322 3410 1386 ἀνδροφόνον,
3430 1325 3770 1386 homicidam,
3799 1334 3889 1382 an-

2317 1425 2462 1474 quem
2477 1412 2730 1473 appellare.
2797 1414 2864 1474 (7)
2882 1416 2980 1475 Ego
2994 1427 3107 1462 vero
3119 1450 3134 1476 ,
3150 1414 3336 1475 iudices
3348 1453 3364 1477 ,
3381 1418 3596 1469 arbitror
3616 1434 3705 1471 vos
3716 1437 3815 1473 non
3831 1425 3891 1474 de

2319 1504 2582 1565 vocabulis,
2595 1504 2676 1554 sed
2688 1505 2748 1554 de
2762 1505 3104 1556 vocabulorum
3114 1509 3361 1560 sententiis
3369 1510 3611 1573 laborare,
3625 1528 3891 1580 omnesque

2319 1590 2581 1652 intelligere
2607 1591 2739 1652 quod
2761 1593 3058 1655 quicumque
3084 1595 3378 1658 ἀνδροφόνοι,
3405 1597 3715 1661 homicida,
3746 1607 3889 1666 nint,

2271 1719 2274 1737 ,
2318 1678 2527 1739 aliquem
2551 1678 2813 1727 necessario
2836 1680 3478 1740 &aeardvaetmcctderunh
3496 1689 3733 1750 Magnum
3760 1691 3888 1740 enim

681 1749 912 1830 δροφόνοι
964 1747 1090 1820 εἶσί,
1135 1747 1226 1806 καὶ
1273 1744 1589 1804 ἀπεκτόνασί
1637 1768 1807 1821 τινας,
1860 1742 1993 1802 πολὺ
2037 1742 2136 1822 γὰρ
2169 1742 2230 1800 ἂν
2272 1751 2274 1764 “

680 1838 827 1916 ἔργον
873 1829 935 1908 ἦν
976 1839 1050 1914 τῷ
1077 1835 1329 1914 νομοθέτῃ
1375 1832 1583 1891 ἅπαντα
1623 1830 1689 1889 τὰ
1737 1830 1969 1908 ὀνόματα
1998 1830 2232 1909 γράφειν,
2273 1839 2274 1842 ’

680 1923 777 1981 ὅσα
808 1924 898 1993 τὴν
928 1921 1090 1993 αὐτὴν
1137 1920 1353 1998 δύναμιν
1402 1921 1528 2000 ἔχει·
1568 1919 1707 1978 ἀλλὰ
1742 1918 1860 1997 περὶ
1911 1917 2020 1983 ἑνὸς
2071 1915 2230 1975 εἰπὼν
2273 1950 2274 1953 ¹

2321 1764 2484 1813 suisset
2513 1765 2755 1826 negotium
2788 1765 3043 1826 legislatori
3075 1768 3235 1818 omnia
3269 1771 3513 1821 vocabula
3541 1775 3757 1826 scribere
3782 1790 3889 1839 que

2321 1851 2518 1901 candem
2542 1852 2934 1913 significationem
2954 1854 3161 1905 babeant
3179 1875 3191 1904 ι
3206 1858 3258 1906 at
3270 1870 3423 1919 quum
3439 1867 3598 1909 unum
3607 1865 3887 1928 protulerit,

2321 1938 2447 1987 idem
2471 1939 2637 1988 statuit
2660 1939 2721 1988 de
2750 1940 2991 1989 omnibus
3059 1942 3126 2003 (8)
3162 1945 3268 1993 Non
3296 1945 3456 2007 enim,
3478 1948 3830 2003 Theomnesto.
3848 1951 3887 1999 si

2321 2026 2428 2087 quis
2464 2027 2512 2074 tc
2541 2025 2715 2075 dixerit
2746 2029 3045 2091 πατραλοίαν,
3081 2030 3430 2093 patricidam,
3466 2034 3547 2083 vel
3585 2037 3887 2099 μητραλοίαν,

2322 2112 2684 2175 matricidam,
2709 2127 2873 2176 poenas
2892 2115 2977 2164 tibi
3000 2115 3061 2165 ab
3084 2130 3141 2166 eo
3164 2117 3326 2167 deberi
3349 2120 3659 2171 existimares
3684 2136 3697 2166 ε
3726 2124 3767 2173 si
3784 2124 3888 2186 quis

2322 2203 2484 2248 autem
2506 2200 2681 2251 dixerit
2698 2205 2901 2252 matrem
2924 2204 3000 2252 vel
3025 2185 3211 2266 patrem
3229 2218 3258 2253 a
3275 2207 3324 2255 te
3341 2219 3527 2257 ca’sum
3545 2222 3679 2271 eoee,
3700 2214 3887 2273 putares

2325 2288 2493 2349 utique
2525 2302 2636 2337 eum
2666 2289 2936 2339 indemnem
2961 2303 3062 2340 esse
3092 2291 3394 2354 habendum,
3415 2295 3550 2355 quod
3577 2297 3701 2346 nihil
3726 2311 3882 2348 eorum

2324 2374 2521 2423 dixisset
2540 2388 2649 2438 quae
2668 2377 2747 2425 lex
2767 2376 2940 2427 diserte
2959 2380 3105 2427 vetat.
3175 2380 3242 2440 (9)
3263 2383 3383 2430 Nam
3401 2379 3630 2431 lubenter
3646 2397 3677 2432 a
3694 2386 3745 2434 te
3761 2384 3882 2434 audi·

2329 2475 2428 2510 rcm
2454 2463 2658 2525 (quippe
2680 2463 2743 2512 ad
2779 2464 2883 2512 haec
2907 2465 3222 2526 peritissimus
3241 2480 3317 2528 es,
3338 2470 3387 2516 et
3412 2470 3519 2517 tam
3553 2471 3721 2520 verbis
3745 2486 3880 2534 quam

2326 2550 2461 2598 sactis
2496 2551 2964 2613 exercitatissimus),
3001 2553 3040 2602 si
3075 2553 3184 2616 quis
3214 2556 3263 2604 te
3294 2555 3472 2605 dixerit
3503 2558 3639 2620 ῥῖψαι
3676 2562 3880 2618 scutum,

2326 2650 2477 2698 quum
2493 2636 2541 2684 in
2562 2637 2662 2697 lege
2684 2636 2919 2686 scribatur
2933 2650 3045 2685 eum
3058 2639 3142 2699 qui
3160 2638 3334 2688 dixerit
3350 2641 3729 2702 ἀποὸὥληκέναι
3744 2647 3880 2708 poenis

2326 2736 2427 2771 esse
2446 2723 2738 2782 obnoxium,
2764 2724 2927 2771 utrum
2941 2724 3072 2772 hunc
3091 2725 3139 2774 in
3157 2725 3236 2786 jus
3252 2739 3350 2775 non
3365 2725 3589 2790 duceres,
3608 2735 3661 2780 at
3675 2732 3759 2782 tibi
3777 2734 3880 2782 satis

2328 2814 2451 2859 esset
2465 2810 2624 2860 dicere
2642 2813 2691 2859 te
2709 2810 2756 2859 id
2787 2824 2885 2859 non
2907 2824 3104 2873 curare,
3134 2814 3249 2875 quia
3274 2813 3398 2863 dixit
3432 2817 3482 2864 te
3503 2821 3704 2867 scutum
3726 2820 3877 2883 ἐρριφέ-

2327 2900 2435 2945 vat?
2459 2910 2555 2946 nou
2576 2899 2703 2946 enim
2725 2898 2849 2946 idem
2869 2911 2970 2947 esse
2996 2900 3124 2961 ῥῖψαι
3151 2902 3201 2949 et
3222 2901 3612 2960 ἀποὸεὸληκὲναι.
3683 2907 3777 2968 (ιο)
3796 2908 3878 2957 sed

2332 3002 2485 3052 neque
2501 3026 2514 3051 ,
2543 2990 2582 3038 si
2604 3004 2730 3039 unus
2768 3003 2892 3039 esses
2921 2991 3363 3043 undecimvirorum
3379 3029 3395 3055 ,
3417 2994 3703 3049 admitteres
3719 3000 3758 3050 si
3782 3001 3881 3061 quis

2329 3081 2539 3142 aliquem
2569 3094 2733 3131 coram
2766 3083 2812 3130 te
2843 3082 3057 3144 sisteret,
3090 3082 3253 3133 dicens
3288 3085 3530 3147 θοὶμάτιον
3563 3089 3878 3149 ἀποδεδύσθαι,

2327 3172 2494 3233 pallio
2520 3185 2575 3221 se
2598 3185 2700 3221 esse
2723 3173 2787 3222 ab
2814 3174 2907 3222 illo
2930 3178 3175 3237 emitum,
3195 3175 3272 3226 vel
3295 3177 3377 3226 τὸν
3399 3180 3689 3240 χιτωνίσκον
3710 3183 3878 3232 ἐκδεδύ-

2331 3265 2470 3323 σθαι,
2500 3266 2788 3316 interulam
2816 3267 2913 3316 sibi
2941 3267 3007 3317 ab
3029 3268 3122 3317 illo
3152 3269 3447 3321 detractam
3476 3286 3613 3335 esse,
3646 3278 3696 3325 et
3725 3276 3877 3326 codun

2332 3357 2476 3406 ruodo
2498 3352 2768 3408 absolveres
2788 3359 2917 3420 quod
2943 3374 3039 3409 non
3058 3364 3327 3423 λωποδύτης
3345 3366 3674 3427 appellaretur
3699 3385 3713 3418 :
3739 3383 3883 3432 neque

2330 3451 2369 3501 si
2397 3453 2505 3513 quis
2528 3452 2849 3514 deprehensus
2870 3457 2993 3504 esset
3013 3457 3093 3505 τὸν
3114 3459 3258 3507 παῖδα
3288 3460 3548 3525 ἐξαγαγών,
3574 3465 3881 3525 mancipium

2330 3547 2524 3607 furtim
2536 3546 2818 3608 abducens,
2839 3547 3019 3599 diceres
3040 3563 3154 3599 eum
3169 3564 3269 3602 esse
3290 3553 3687 3619 ἀνδραποδιστὴν,
3701 3558 3884 3621 plania·

2334 3641 2473 3688 rium
2485 3676 2499 3702 ‚
2516 3640 2554 3689 si
2573 3639 2731 3690 verbis
2745 3641 2939 3703 milites,
2960 3655 3114 3704 neque
3132 3643 3278 3693 rebus
3290 3644 3404 3707 ipsis
3417 3646 3639 3697 antmnm
3655 3649 3881 3711 advertas,

2332 3745 2536 3795 quarum
2557 3745 2697 3782 causa
2710 3747 2876 3784 omnes
2898 3735 3055 3784 verbis
3072 3738 3291 3786 utuntur.
3358 3739 3403 3799 (ι
3416 3740 3461 3801 1)
3487 3740 3544 3790 Id
3563 3742 3756 3806 insuper
3773 3757 3882 3793 con·

2288 3844 2290 3847 >
2335 3823 2539 3873 siderate
2554 3861 2568 3887 ‚
2586 3826 2768 3886 judices
2786 3828 2908 3888 (iste
2926 3828 3054 3876 enim
3073 3828 3189 3877 mihi
3204 3828 3395 3879 videtur
3413 3845 3516 3894 prm
3532 3836 3731 3897 segnitie
3753 3838 3801 3885 et
3817 3849 3886 3886 ao-

2336 3916 2498 3965 cordia
2527 3917 2577 3965 in
2613 3921 2912 3979 Areopagum
2950 3932 3198 3981 nunquam
3220 3921 3520 3985 ascendisse)
3550 3926 3715 3977 :scit‘m
3730 3939 3885 3978 omues

2299 4044 2300 4052 ,
2335 4009 2464 4071 quod
2495 4010 2526 4058 ii
2550 4011 2633 4072 qui
2660 4011 2710 4059 in
2734 4011 2815 4060 illa
2836 4012 2969 4060 curia
2997 4012 3056 4061 de
3079 4013 3213 4063 coede
3241 4013 3455 4076 litigant,
3487 4031 3643 4080 quum
3667 4023 3886 4083 praesim

2331 4102 2628 4164 juramenta,
2667 4116 2763 4152 non
2785 4105 2877 4153 hac
2905 4117 3024 4153 voce
3046 4107 3245 4154 utantur
3269 4119 3417 4168 quam
3442 4108 3523 4157 lex
3553 4111 3774 4175 exhibet,
3808 4111 3885 4162 aed

2335 4195 2416 4243 illa
2444 4208 2553 4257 qum
2575 4196 2624 4243 in
2644 4209 2721 4244 me
2747 4196 2876 4256 ,iacta
2893 4198 2965 4244 est
2983 4209 3067 4257 per
3085 4198 3376 4246 convicium.
3444 4201 3595 4250 Actor
3611 4200 3738 4250 enim
3764 4199 3886 4264 qnod

2337 4288 2507 4335 ἔκτεινε
2525 4287 2799 4347 iuramento
2822 4288 3031 4336 affirmat
3047 4325 3062 4348 ,
3096 4302 3208 4337 reus
3229 4288 3359 4351 quod
3388 4303 3487 4339 non
3506 4290 3728 4342 ἔκτεινεν.
3792 4293 3887 4354 (12)

2337 4381 2483 4443 Atqui
2511 4380 2771 4429 absurdum
2798 4381 2919 4430 soret
2940 4394 3051 4429 eum
3081 4381 3166 4443 qui
3186 4382 3491 4433 convincitur
3509 4390 3713 4447 κτεῖναι,
3740 4386 3887 4436 Μαι-

2294 4526 2295 4529 ,
2337 4475 2435 4521 tem
2453 4486 2504 4521 sc
2526 4485 2626 4523 esse
2644 4472 2935 4535 ἀνδροφόνον,
2953 4472 3060 4522 ideo
3073 4474 3259 4523 absolvi
3275 4474 3392 4537 quia
3409 4478 3549 4525 actor
3562 4477 3745 4539 juravit
3761 4477 3893 4541 quod

2338 4579 2446 4615 reus
2465 4566 2651 4616 ἔκτεινε.
2718 4566 2840 4624 Quid
2865 4566 2990 4616 enim
3018 4566 3124 4616 haec
3145 4566 3414 4628 discrepant
3433 4568 3497 4617 ab
3513 4568 3574 4618 iis
3588 4582 3701 4631 que
3716 4570 3807 4622 iste
3822 4569 3903 4620 ffi-

2339 4661 2444 4708 cet?
2462 4660 2524 4707 Et
2545 4659 2644 4719 ipse
2661 4659 2853 4720 quidem
2874 4659 3069 4708 Theona
3087 4658 3337 4720 postulasti
3352 4660 3559 4709 convicii
3575 4660 3709 4723 quod
3720 4661 3915 4712 dixerit

2338 4754 2386 4800 te
2412 4755 2601 4800 scutum
2627 4751 2873 4814 ἐρριφέναι,
2893 4751 3181 4813 projecisse.
3217 4752 3443 4800 Attamen
3475 4752 3539 4802 de
3567 4755 3699 4817 ῥῖψαι
3722 4753 3774 4803 in
3796 4756 3919 4817 lege

2337 4843 2489 4893 altum
2512 4842 2782 4905 silentium;
2801 4844 2839 4892 si
2859 4843 2967 4906 quis
2984 4857 3101 4892 vero
3120 4843 3296 4892 dixerit
3317 4844 3693 4903 ἀποὸεὸληκέναι
3709 4882 3727 4908 ,
3756 4847 3919 4909 abje-

2338 4942 2484 4991 cisse,
2498 4942 2707 4995 scutum,
2718 4950 2776 4985 eu
2782 4951 2827 4986 m
2838 4938 3120 5000 quingentas
3127 4935 3379 4984 drachmas
3387 4935 3919 4997 persolveredetflnit-

2342 5034 2437 5093 (13)
2457 5033 2679 5094 Iniquum
2703 5034 2775 5080 cst
2810 5031 2954 5092 igitur
2990 5032 3067 5091 te,
3094 5029 3174 5077 ubi
3198 5041 3321 5090 opus
3351 5028 3415 5077 sit
3451 5027 3674 5078 inimicos
3698 5031 3813 5079 tuos
3832 5026 3920 5078 ob

2339 5124 2555 5172 cornificia
2574 5123 2765 5183 ulcisci,
2795 5122 2861 5170 ita
2896 5122 3020 5183 leges
3045 5119 3343 5182 interpretari
3370 5121 3426 5168 ut
3452 5131 3540 5181 ego
3565 5131 3725 5181 nunc;
3748 5123 3800 5170 at
3817 5115 3914 5168 ubi

2339 5216 2472 5265 alteri
2497 5217 2672 5277 practer
2693 5215 2818 5274 leges
2841 5215 3140 5262 conviciatus
3160 5211 3335 5270 fueriS,
3367 5223 3534 5272 poenas
3559 5211 3725 5261 subire
3752 5211 3902 5260 none·

713 5312 762 5379 εἶ
784 5323 1016 5399 ’χρῆσθαι
1038 5326 1140 5382 τοῖς
1157 5315 1358 5392 νόμοις,
1384 5315 1677 5387 ἢτοσοῧτον
1714 5317 1933 5373 δύνασαι,
1956 5312 2081 5371 ὥστ’
2109 5312 2251 5370 οὐδέ·
2338 5308 2472 5358 Tune
2489 5308 2608 5356 adeo
2632 5307 2812 5369 peritus
2843 5320 2895 5355 (Ἢ
2930 5307 2986 5354 ut
3013 5304 3162 5366 {³0⁸⁸ss
3195 5303 3265 5351 uti
3298 5300 3486 5363 'Quibus
3502 5314 3595 5363 9¹⁵⁰
3624 5304 3712 5350 ²¹¹⁰
3732 5300 3895 5356 Ιὶῦῗωὲ

711 5431 830 5466 ποτε
862 5406 955 5464 οἴει
985 5403 1097 5470 τοὺς
1129 5403 1488 5477 ἀδικουμένους
1536 5402 1635 5460 ὑπὸ
1664 5408 1756 5460 σοῦ
1787 5397 2037 5479 τιμωρίας
2080 5398 2252 5465 τεύξε·

2303 5400 2304 5441 ἶ
2340 5407 2422 5452 aut
2443 5402 2560 5450 adeo
2580 5405 2748 5463 potens
2767 5403 2821 5448 ut
2844 5412 2924 5447 eos
2942 5396 3189 5446 arbitreris
3210 5393 3294 5456 qui
3314 5407 3344 5440 a
3374 5395 3424 5441 te
3452 5391 3703 5442 laeduntur
3734 5401 3887 5456 prena·

711 5501 827 5553 σθαι
847 5516 865 5573 5
889 5496 976 5570 (ιι)
1005 5484 1114 5552 Εἶτ’
1140 5494 1231 5551 οὐκ
1254 5489 1472 5569 αἰσχύνῃ
1496 5489 1653 5558 οὕτως
1669 5489 1893 5560 ἀνοήτως
1908 5488 2252 5564 διακείμενος;
2301 5544 2303 5546 ,
2342 5502 2587 5555 nunquam
2608 5505 2743 5554 posse
2773 5492 3014 5554 repetere?
3036 5489 3132 5550 (14)
3157 5484 3336 5536 Deinde
3358 5497 3457 5534 non
3475 5485 3524 5534 te
3548 5483 3727 5548 pudet,
3747 5493 3879 5548 quun
