4467 6542
766 649 798 700 2
807 644 876 696 84

819 764 1096 827 τευομένων.
1141 766 1199 814 Et
1218 763 1300 826 μὲν
1318 762 1398 813 οὖν
1412 763 1575 826 ἐρρήθη
1592 762 1697 813 τότε
1710 799 1725 823 ,
1742 765 1925 822 ἄδηλον·
1942 763 2182 827 σύγκειται
2195 770 2308 827 γοῦν

819 838 882 890 ὡς
903 836 1015 897 πρὸς
1041 835 1201 897 ἀγῶνα
1226 833 1511 891 ἐπιτηδείως.
1545 833 1679 882 Ἐστι
1695 835 1741 881 δὲ
1768 835 1873 882 ὅδε’

836 953 971 1016 Ὅτε
989 955 1307 1034 ἐνομίζομεν,
1328 944 1372 1013 ὦ
1392 954 1679 1032 Ἀθηναῖοι,
1706 952 1796 1020 τὰς
1814 954 2160 1033 γεγενημένας
2178 977 2307 1032 συμ·

758 1043 918 1123 φορὰς
952 1042 1108 1101 ἱκανὰ
1144 1045 1372 1119 μνημεῖα
1402 1048 1467 1121 τῇ
1504 1044 1654 1100 πόλει
1693 1043 2126 1122 καταλελεῖφθαι,
2169 1044 2304 1101 ὥστε

707 1150 734 1187 5
762 1133 885 1206 μηδ’
910 1129 971 1189 ἂν
994 1129 1113 1198 τοὺς
1134 1130 1511 1207 ἐπιγινομένους
1537 1129 1712 1209 ἑτέρας
1733 1128 1998 1195 πολιτείας
2019 1132 2304 1207 ἐπιθυμεῖν,

754 1217 871 1276 τότε
905 1217 967 1288 δὴ
1005 1210 1143 1277 οὗτοι
1170 1217 1286 1283 τοὺς
1317 1220 1489 1284 κακῶς
1522 1216 1838 1283 πεπονθότας
1878 1216 1969 1275 καὶ
1997 1217 2302 1297 ἀμφοτέρων

754 1304 1527 1384 πεπειραμένουςκέξαπαι-ῆσαι
1556 1308 1766 1374 ζητοῦσι
1797 1306 1905 1370 τοῖς
1936 1304 2107 1369 αὐτοῖς
2138 1303 2301 1383 ψηφί-

756 1414 949 1469 σμασιν
978 1386 1160 1473 οἷσπερ
1198 1393 1290 1450 καὶ
1313 1392 1563 1472 πρότερον
1594 1393 1668 1458 δὶς
1696 1392 1818 1463 ἤδη.
1868 1393 1931 1468 (2)
1965 1391 2075 1450 Καὶ
2101 1391 2298 1450 τούτων

751 1478 850 1554 μὲν
879 1481 937 1537 οὗ
960 1482 1209 1556 θαυμάζω
1225 1523 1240 1551 ,
1264 1481 1409 1555 ὗμῶν
1434 1477 1490 1536 δὲ
1526 1482 1627 1536 τῶν
1667 1476 2031 1556 ἀκροωμένων,
2059 1477 2136 1534 ὅτι
2162 1478 2300 1537 πάν-

678 1587 729 1626 Ιο
752 1590 855 1625 των
879 1564 991 1625 ἐστὲ
1021 1565 1520 1642 ἐπιλησμονέστατοι
1542 1564 1577 1636 ἢ
1600 1565 1825 1643 πάσχειν
1850 1564 2176 1641 ἑτοιμότατοι
2203 1589 2301 1623 κα·
2348 1594 2352 1602 ¹*

752 1658 854 1721 κῶς
877 1654 976 1713 ὑπὸ
998 1654 1240 1713 τοιούτων
1271 1657 1491 1734 ἀνδρῶν,
1512 1651 1562 1712 οἳ
1587 1657 1652 1732 τῇ
1679 1652 1772 1729 μὲν
1799 1650 1933 1730 τύχη
1963 1656 2065 1708 τῶν
2095 1654 2154 1710 ἐκ
2175 1655 2301 1713 Πει-
2341 1712 2342 1721 γ

754 1743 909 1821 ραιῶς
921 1741 1244 1820 πραγμάτων
1260 1740 1533 1819 μετέσχον,
1547 1743 1614 1818 τῇ
1635 1738 1688 1796 δὲ
1708 1736 1889 1815 γνώμῃ
1906 1741 2009 1795 τῶν
2026 1736 2079 1806 ἐξ
2101 1738 2296 1806 ἄστεος.

754 1828 944 1889 Καίτοι
982 1828 1033 1887 τί
1061 1827 1164 1887 ἔδει
1196 1828 1476 1909 φεύγοντας
1511 1826 1795 1897 κατελθεῖν,
1824 1829 1868 1883 εἰ
1896 1831 2300 1906 χειροτονοῦντες

751 1919 884 1992 ὑμᾶς
934 1914 1118 1983 αὐτοὺς
1166 1913 1662 1991 καταδουλώσεσθε;
1748 1916 1813 1991 (3)
1863 1913 2005 1991 Ἐγὼ
2051 1912 2144 1990 μὲν
2185 1906 2297 1986 οῦν,

676 2014 725 2053 ¹³
748 1992 793 2061 ὦ
817 2004 1091 2075 Ἀθηναῖοι,
1116 2048 1131 2064 .
1159 2046 1174 2059 .
1198 2048 1213 2062 .
1234 2002 1353 2061 οὔτε
1370 2000 1508 2079 γένει
1533 2000 1961 2077 ἀπελαυνόμενος,
1983 2002 2105 2057 ἀλλ’
2126 2002 2296 2082 ἀμφό-

750 2113 880 2171 τερα
908 2094 1008 2149 τῶν
1041 2090 1409 2167 ἀντιλεγόντων
1437 2088 1684 2170 πρότερος
1709 2087 1802 2159 ὤν,
1832 2092 2066 2165 ἡγοῦμαι
2100 2088 2296 2161 ταύτην

752 2180 914 2255 μόνην
941 2178 1202 2257 σωτηρίαν
1232 2169 1364 2237 εἶναι
1389 2181 1454 2255 τῇ
1475 2176 1661 2253 πόλει,
1684 2176 1875 2234 ἅπασιν
1905 2174 2186 2246 Ἀθηναίοις
2205 2182 2298 2248 τῆς

752 2264 1014 2331 πολιτείας
1039 2266 1270 2341 μετεῖναι
1284 2310 1302 2340 ,
1326 2264 1438 2323 ἐπεὶ
1459 2262 1545 2322 ὅτε
1572 2261 1750 2321 καὶτὰ
1772 2262 1920 2341 τείχη
1947 2263 2038 2321 καὶ
2063 2263 2154 2329 τὰς
2176 2270 2297 2330 ναῦς

753 2349 932 2409 καὶτὰ
959 2350 1211 2430 χρήματα
1239 2351 1327 2409 καὶ
1356 2349 1668 2429 συμμάχους
1698 2349 1962 2426 ἐκτήμεθα
1982 2394 1999 2424 ,
2028 2352 2126 2429 οὐχ
2158 2350 2297 2418 ὅπως

672 2456 727 2497 20
755 2436 1033 2509 Ἀθηναίων
1057 2438 1174 2496 τινὰ
1203 2438 1480 2514 ἀπώσομεν
1512 2436 1871 2513 διενοούμεθα,
1903 2436 2037 2494 ἀλλὰ
2064 2439 2153 2495 καὶ
2188 2441 2296 2498 Εὐ·
2346 2473 2347 2481 1

752 2525 956 2583 ὅοεῦσιν
986 2523 1270 2601 ἐπιγαμίαν
1300 2523 1629 2599 ἐποιούμεθα·
1657 2529 1744 2581 νῦν
1774 2524 1827 2581 δὲ
1856 2525 1946 2581 καὶ
1983 2522 2100 2591 τοὺς
2130 2524 2298 2604 ὑπάρ-

749 2634 938 2691 χοντας
958 2611 1174 2679 πολίτας
1188 2614 1480 2687 ἀπολοῦμεν
1497 2635 1512 2683 ;
1531 2612 1594 2689 (4)
1617 2612 1732 2671 Οὔκ
1752 2610 1815 2669 ἂν
1836 2609 2011 2685 ἔμοιγε
2031 2611 2295 2686 πείθησθε,

750 2698 866 2757 οὐδὲ
897 2696 1030 2776 μετὰ
1057 2702 1161 2757 τῶν
1189 2702 1376 2777 τειχῶν
1404 2698 1493 2756 καὶ
1516 2704 1683 2755 ταῦτα
1714 2701 1863 2772 ἡμῶν
1893 2700 2062 2756 αὐτῶν
2092 2721 2297 2778 περιαι-

822 2786 1045 2859 σόμεθα,
1082 2786 1297 2850 ὁπλίτας
1332 2783 1552 2851 πολλοὺς
1584 2785 1673 2844 καὶ
1708 2785 1898 2851 ἱππέας
1940 2785 2031 2843 καὶ
2057 2785 2296 2861 τοξότας,
2335 2847 2338 2856 γ,

675 2892 728 2931 25
753 2809 817 2931 g
2335 2874 2347 2909 h
2388 2867 2595 2928 equites,
2613 2867 2898 2929 sagittarios.
2920 2873 3052 2928 Quos
3068 2872 3264 2933 quidem
3283 2887 3369 2924 vos
3404 2876 3525 2926 dum
3545 2879 3829 2941 retinebitis,
3850 2881 3912 2930 tir·

800 2898 826 2931 ν
853 2879 998 2950 ὑμεῖς
1039 2873 1370 2951 ἀντεχόμενοι
1415 2871 1636 2950 βεὸαίως
1677 2871 2166 2951 δημοκρατήσεσθε,
2194 2878 2296 2932 τῶν

751 2961 807 3020 δὲ
846 2963 1039 3041 ἐχθρῶν
1066 2959 1223 3019 πλέον
1262 2959 1637 3039 ἐπικρατήσετε
1656 3005 1673 3036 ,
1696 2958 2086 3039 ὠφελιμώτεροι
2116 2960 2171 3019 δὲ
2192 2970 2297 3030 τοῖς

750 3049 1050 3127 συμμάχοις
1089 3046 1281 3105 ἔσεσθε·
1326 3047 1605 3106 ἐπίστασθε
1643 3046 1745 3126 γὰρ
1785 3050 1837 3105 ἐν
1874 3055 1987 3112 ταῖς
2027 3047 2105 3127 ἐφ’
2146 3053 2296 3124 ἡμῶν

748 3135 1073 3215 ὀλιγαρχίαις
1127 3134 1488 3213 γεγενημέναις
1533 3137 1589 3192 οὗ
1640 3134 1755 3200 τοὺς
1802 3137 1898 3211 γῆν
1951 3135 2296 3210 κεκτημένους

750 3223 964 3301 ἔχοντας
992 3222 1086 3294 τὴν
1112 3223 1279 3293 πόλιν,
1310 3218 1447 3279 ἀλλὰ
1477 3220 1568 3279 καὶ
1598 3219 1816 3287 πολλοὺς
1843 3219 1935 3297 μὲν
1965 3223 2132 3278 αὐτῶν
2166 3225 2295 3280 ἀπο-

670 3327 725 3366 30
751 3312 1019 3383 θανόντας,
1056 3308 1277 3374 πολλοὺς
1312 3308 1357 3367 δ’
1395 3311 1452 3366 ἐκ
1484 3312 1576 3379 τῆς
1615 3309 1812 3374 πόλεως
1839 3309 2183 3387 ἐκπεσόντας,
2210 3310 2297 3376 οὓς

748 3401 778 3455 ὁ
818 3400 978 3475 δῆμος
1005 3396 1317 3476 καταγαγὼν
1343 3401 1463 3470 ὑμῖν
1490 3394 1582 3472 μὲν
1602 3396 1696 3466 τὴν
1718 3395 1971 3475 ὑμετέραν
2007 3399 2294 3472 ἀπέδωκεν,

748 3484 897 3552 αὐτὸς
934 3484 985 3543 δὲ
1009 3483 1202 3554 ταύτης
1234 3486 1326 3542 οὐκ
1354 3482 1608 3558 ἐτόλμησε
1641 3483 1941 3561 μετασχεῖν.
2005 3486 2068 3558 (s)
2092 3482 2291 3558 είὨστε,

749 3571 811 3630 ἂν
842 3571 1016 3649 ἔμοιγε
1042 3574 1285 3641 πείθησθε
1303 3614 1320 3645 ,
1350 3572 1406 3627 οὗ
1432 3569 1547 3635 τοὺς
1571 3568 1874 3648 εὐεργέτας,
1902 3569 2031 3627 καθὸ
2055 3567 2292 3642 δύνασθε,

748 3663 841 3728 τῆς
867 3658 1114 3738 πατρίδος
1139 3656 1547 3739 ἀποστερήσετε,
1571 3656 1686 3715 οὐδὲ
1711 3655 1825 3722 τοὺς
1850 3656 2029 3734 λόγους
2054 3656 2296 3715 πιστοτέ-

670 3766 722 3807 as
749 3768 863 3827 ρους
889 3749 992 3804 τῶν
1035 3745 1198 3823 ἔργων
1238 3744 1354 3803 οὐδὲ
1385 3743 1452 3802 τὰ
1495 3744 1751 3820 μέλλοντα
1795 3747 1897 3800 τῶν
1935 3744 2293 3821 γεγενημένων
2346 3758 2347 3761 ’

745 3834 969 3910 νομιεῖτε
987 3878 1002 3906 ,
1032 3834 1205 3898 ἄλλως
1242 3854 1298 3889 τε
1322 3831 1413 3889 καὶ
1442 3828 1765 3907 μεμνημένοι
1792 3833 1894 3887 τῶν
1924 3830 2043 3908 περὶ
2070 3834 2162 3899 τῆς
2185 3833 2293 3888 ὀλι-

744 3919 967 3998 γαρχίας
1004 3917 1340 3996 μαχομένων,
1368 3917 1417 3975 οἳ
1453 3921 1528 3996 τῷ
1561 3917 1653 3993 μὲν
1684 3917 1823 3996 λόγῳ
1850 3920 1923 3996 τῷ
1953 3916 2104 3996 δήμῳ
2138 3918 2293 3975 πολε-

747 4012 933 4081 μοῦσι,
972 4009 1046 4085 τῷ
1075 4005 1130 4063 δὲ
1166 4005 1301 4083 ἔργῳ
1332 4008 1433 4062 τῶν
1476 4002 1736 4084 ὖμετέρων
1773 4007 2125 4080 ἐπιθυμοῦσιν·
2158 4003 2292 4084 ἅπερ

746 4092 1056 4164 κτήσονται,
1097 4091 1220 4149 ὅταν
1261 4095 1395 4167 ὑμᾶς
1436 4091 1661 4168 ἐρήμους
1704 4092 1999 4170 συμμάχων
2036 4089 2289 4151 λάὸωσιν.

660 4192 716 4233 to
747 4182 809 4256 (s)
839 4171 973 4239 Εἶτα
1001 4187 1104 4243 τοῖς
1131 4181 1233 4235 τῶν
1260 4181 1379 4255 ὑμῖν
1412 4176 1749 4257 ὑπαρχόντων
1775 4180 2006 4257 ἐρωτῶσι
2039 4177 2113 4242 τίς
2145 4176 2293 4235 ἔσται

745 4266 980 4345 σωτηρία
1016 4270 1082 4345 τῇ
1108 4264 1291 4339 πόλει,
1322 4267 1366 4322 εἷ
1399 4262 1474 4340 μὴ
1499 4264 1784 4339 ποιήσομεν
1821 4264 1855 4320 ἃ
1891 4264 2292 4340 Λακεδαιμόνιοι

742 4355 1070 4424 κελεύουσιν,
1099 4352 1242 4430 Ἐγὼ
1270 4350 1324 4409 δὲ
1352 4350 1559 4416 τούτους
1582 4354 1744 4408 εἰπεῖν
1769 4350 1913 4422 ἀξιῶ,
1941 4350 1991 4408 τί
2017 4354 2091 4429 τῷ
2107 4352 2292 4422 πλήθει

743 4440 1165 4525 περιγενήσεται,
1185 4442 1230 4497 εἰ
1249 4438 1562 4514 ποιήσαιμεν
1588 4438 1621 4496 ἃ
1644 4441 1831 4496 ἐκεῖνοι
1849 4437 2257 4517 προστάττουσιν
2277 4484 2291 4499 .

743 4534 811 4591 Εἰ
840 4529 894 4589 δὲ
915 4530 1009 4608 μή,
1030 4527 1161 4587 πολὺ
1183 4527 1395 4586 κάλλιον
1416 4526 1743 4605 μαχομένους
1768 4524 2110 4597 ἀποθνήσκειν
2134 4523 2167 4596 ἢ
2199 4549 2292 4606 φα-

657 4634 713 4674 65
739 4622 894 4701 νερῶς
915 4621 1059 4696 ἡμῶν
1084 4618 1253 4676 αὐτῶν
1274 4613 1492 4674 θάνατον
1511 4612 1993 4693 καταψηφίσασθαι.
2022 4614 2080 4689 (7)
2107 4612 2292 4690 Ἡγοῦ·

742 4730 840 4784 μαι
862 4706 997 4786 γάρ,
1031 4705 1120 4765 ἐὰν
1150 4702 1244 4781 μὲν
1272 4702 1469 4773 πείθω,
1502 4700 1811 4781 ἀμφοτέροις
1831 4699 1997 4759 κοινὸν
2018 4691 2149 4759 εἶναι
2176 4701 2291 4759 κίν-

740 4796 910 4855 δυνον.
992 4792 1139 4871 Ὁρῶ
1158 4790 1213 4849 δὲ
1258 4788 1515 4871 Ἀργείους
1542 4788 1634 4847 καὶ
1665 4788 1959 4855 Μαντινέας
1988 4790 2084 4859 τὴν
2128 4787 2291 4859 αὐτὴν

740 4881 953 4959 ἔχοντας
990 4879 1203 4959 γνώμην
1227 4879 1322 4949 τὴν
1345 4880 1517 4936 αὑτῶν
1558 4878 1854 4943 οἰκοῦντας,
1886 4873 2004 4941 τοὺς
2032 4873 2126 4950 μὲν
2156 4875 2289 4953 ὁμό-

746 4988 860 5045 ρους
886 4966 1034 5033 ὄντας
1062 4962 1524 5042 Λακεδαιμονίοις,
1566 4962 1686 5031 τοὺς
1727 4961 1783 5021 δὲ
1819 4961 1970 5041 ἐγγὺς
2000 4964 2287 5034 οῗκοῦντας,

658 5072 713 5114 00
739 5053 828 5112 καὶ
864 5053 980 5120 τοὺς
1017 5053 1110 5129 μὲν
1138 5053 1281 5113 οὐδὲν
1313 5055 1461 5129 ἡμῶν
1500 5050 1738 5128 πλείους,
1777 5048 1895 5116 τοὺς
1918 5047 1973 5107 δὲ
2011 5047 2126 5108 οὐδὲ
2150 5073 2287 5131 τρισ-

740 5139 935 5218 χιλίους
974 5139 1139 5206 ὄντας.
1195 5142 1258 5217 (8)
1297 5135 1475 5199 Ἰσασι
1519 5138 1619 5217 γὰρ
1642 5137 1747 5210 ὅτι,
1790 5136 1886 5196 κᾶν
1933 5135 2185 5202 πολλάκις
2218 5140 2289 5203 εἷς

740 5227 833 5299 τὴν
882 5226 1073 5285 τούτων
1131 5227 1466 5305 ἐμὸάλλωσι,
1517 5225 1770 5292 πολλάκις
1826 5226 1997 5291 αὐτοῖς
2053 5224 2287 5295 ἀπαντή·

742 5338 918 5373 σονται
975 5313 1110 5372 ὅπλα
1155 5313 1402 5381 λαὸόντες
1421 5356 1438 5386 ,
1498 5314 1634 5373 ὥστε
1673 5315 1732 5372 οὗ
1778 5310 1935 5377 καλὸς
1976 5315 2005 5369 ὃ
2054 5310 2285 5377 κίνδυνος

740 5403 911 5470 αὐτοῖς
940 5402 1079 5461 δοκεῖ
1110 5392 1240 5461 εἶναι
1255 5445 1271 5474 ,
1302 5400 1392 5461 ἐὰν
1429 5400 1520 5477 μὲν
1555 5399 1840 5476 νικήσωσι,
1866 5398 2076 5465 τούτους
2101 5400 2156 5458 οὗ
2183 5422 2286 5458 κα-

1644 635 1923 695 Artior
1960 637 2014 695 0
2056 636 2238 696 ΠΕΡΙ
2277 637 2434 699 ΤΗΣ
2477 643 2913 709 ΠΟΛΙΤΕΙΑΣ.

3666 663 3941 748 ‹nv-m»

2397 787 2508 822 vero
2525 784 2635 826 tnnc
2658 782 2809 830 habita
2839 777 2989 841 tuerit,
3010 799 3105 834 non
3119 793 3319 843 onustati
3335 792 3503 850 scripu
3518 800 3647 843 certe
3661 802 3944 858 eumq-

2343 918 2346 929 *
2397 846 2453 890 ad
2471 860 2628 894 verum
2648 857 2892 901 certamen.
2946 859 3012 903 Ita
3026 860 3180 915 utique
3192 873 3239 906 se
3256 861 3396 910 babet
3414 879 3431 908 ι

2459 966 2619 1021 Quum
2651 970 2953 1034 putaremus,
2991 974 3328 1039 Athenienses,
3353 975 3661 1035 calamit-tes
3682 987 3941 1047 preter-1222

2353 1067 2355 1094 ²
2395 1059 2575 1110 civitati
2607 1064 2722 1113 satis
2747 1065 2987 1117 evidentia
3019 1074 3331 1123 monumenta
3359 1087 3464 1128 esse
3493 1090 3559 1127 ne
3574 1081 3757 1142 posteri
3776 1095 3940 1134 novam

2394 1155 2849 1210 administrationem
2868 1166 3171 1227 appeterent,
3191 1169 3310 1217 tunc
3332 1172 3490 1220 exorti
3520 1175 3639 1224 sunt
3657 1174 3737 1225 isti
3757 1178 3943 1240 quinos

2393 1251 2444 1299 et
2461 1251 2586 1300 mala
2602 1266 2763 1315 passos
2781 1258 2828 1305 et
2846 1259 3100 1322 utriusque
3119 1261 3394 1324 reipublicae
3426 1266 3677 1318 fortunam
3696 1275 3938 1334 expertos,

2392 1343 2559 1394 iisdem
2579 1347 2752 1408 quibus
2769 1352 2909 1400 antes
2926 1352 3132 1404 decretis
3145 1355 3362 1420 decipere
3379 1364 3638 1412 conantur.
3675 1365 3745 1427 (2)
3765 1365 3939 1416 Idcirco

2392 1450 2488 1487 non
2516 1440 2631 1490 istos
2664 1443 2831 1506 miror,
2853 1446 2937 1495 sed
2963 1460 3051 1496 vos
3078 1450 3161 1511 qui
3184 1450 3292 1500 boec
3327 1453 3531 1519 auditis,
3564 1457 3702 1520 quod
3731 1462 3938 1511 omnium

2390 1533 2492 1583 sitis
2517 1535 2762 1600 obliviosi,
2798 1542 2848 1589 et
2872 1543 2973 1590 tam
3010 1543 3150 1595 facile
3170 1545 3232 1596 ab
3265 1547 3324 1597 iis
3347 1549 3517 1599 omnia
3551 1553 3829 1616 patiamini,
3858 1559 3937 1619 qui

2391 1642 2505 1678 casu
2546 1645 2710 1682 rerum
2746 1635 3084 1698 Piraeensium,
3121 1640 3282 1690 animo
3321 1642 3653 1709 urbanarum,
3695 1650 3938 1713 participes

2392 1724 2600 1775 suerunt.
2664 1728 2738 1778 Ad
2756 1729 2872 1790 quid
2890 1734 3055 1782 autem
3081 1736 3329 1786 exulantes
3345 1740 3523 1789 reverti
3545 1744 3792 1805 oportuit,
3807 1744 3849 1794 si
3864 1758 3938 1795 ve·

2388 1820 2489 1868 stro
2505 1820 2731 1885 suffragio
2755 1826 3070 1889 vosmetipms
3088 1829 3137 1878 in
3155 1830 3437 1882 servitutem
3459 1834 3722 1896 redigatis?
3753 1839 3825 1901 (8)
3847 1842 3936 1900 Eg>

2389 1926 2530 1976 vero,
2565 1917 2901 1981 Athenienses,
2925 1920 3011 1983 qui
3040 1935 3198 1985 neque
3219 1939 3392 1987 genere
3420 1927 3620 1979 interior
3640 1943 3752 1981 mn
3782 1945 3935 1997 neque

2389 2006 2532 2058 bonis
2551 2010 2649 2060 ulli
2666 2012 3067 2076 posthabendas,
3085 2016 3168 2066 sed
3180 2018 3264 2080 qui
3277 2020 3396 2069 mihi
3409 2023 3793 2075 contradicentes
3805 2027 3933 2076 utris-

2346 2154 2347 2160 ,
2387 2113 2482 2162 que
2522 2116 2723 2165 supero,
2758 2106 2884 2156 hanc
2919 2109 3070 2158 solam
3111 2111 3293 2161 civitati
3333 2114 3543 2164 salutem
3574 2129 3682 2167 esse
3718 2119 3930 2182 adsum,

2386 2192 2426 2239 si
2453 2205 2618 2243 omnes
2649 2196 2779 2246 cives
2810 2197 3016 2260 publicae
3039 2200 3461 2256 administrationis
3498 2211 3686 2270 partem
3717 2210 3927 2262 babeant.

2388 2288 2632 2351 Siquidem
2660 2305 2810 2354 quum
2843 2306 3031 2357 muros,
3067 2309 3239 2359 naves,
3263 2301 3518 2363 pecunias,
3553 2304 3714 2354 socios
3745 2305 3927 2357 babere·

2388 2396 2521 2445 mus,
2565 2386 2756 2436 tantum
2774 2388 2939 2439 aberat
2967 2392 3023 2441 ut
3051 2392 3413 2445 Atheniensium
3444 2398 3596 2448 alicui
3635 2399 3716 2462 jus
3736 2401 3926 2452 civitatis

2387 2476 2617 2540 denegare
2637 2481 2886 2544 vellemuS,
2903 2486 2958 2533 ut
2971 2487 3048 2535 vel
3067 2487 3413 2539 Euboeensibus
3424 2490 3504 2553 jus
3525 2495 3751 2545 connubii
3769 2509 3922 2548 conos·

2387 2572 2629 2639 deremus;
2658 2591 2787 2630 nunc
2816 2595 2930 2632 vero
2952 2583 3094 2632 etiam
3117 2598 3200 2635 eos
3228 2586 3311 2648 qui
3334 2586 3438 2647 jam
3459 2592 3574 2641 sunt
3603 2590 3734 2642 cives
3753 2594 3923 2645 amitto-

2387 2672 2525 2719 mus?
2559 2671 2626 2733 (4)
2653 2674 2990 2737 Nequaquam,
3023 2677 3137 2726 mihi
3160 2679 3342 2729 credite
3372 2700 3385 2730 ε
3410 2694 3565 2745 neque
3583 2697 3699 2734 cum
3715 2687 3860 2736 muris
3881 2688 3919 2736 et

2387 2763 2490 2813 baec
2518 2766 2617 2827 ipsa
2642 2772 2805 2818 nostra
2822 2782 2850 2818 a
2872 2771 3010 2821 nobis
3026 2774 3314 2836 auferemus,
3330 2776 3514 2826 multos
3535 2779 3720 2830 scilicet
3741 2780 3914 2844 pedites,

2388 2967 2590 3017 miorem
2615 2969 2848 3019 babebitis
2869 2971 3236 3035 democratiam,
3259 2975 3421 3025 hostes
3439 2979 3590 3040 magis
3608 2980 3908 3042 pmtligabitis,

2387 3066 2438 3113 et
2471 3066 2614 3115 sociis
2647 3069 2817 3117 vestris
2837 3070 2994 3118 multo
3029 3071 3242 3122 utiliores
3275 3074 3421 3124 eritis.
3503 3077 3647 3127 Scitis
3697 3079 3820 3128 enim
3846 3092 3909 3141 per

2335 3219 2336 3225 ,
2386 3170 2562 3216 nostroe
2593 3169 2747 3217 aetatis
2780 3170 3086 3242 oligarchias,
3111 3186 3201 3222 nec
3234 3187 3316 3223 eos
3341 3177 3425 3238 qui
3456 3177 3633 3228 fundos
3652 3180 3912 3242 possideant

2387 3270 2556 3318 urbem
2591 3283 2754 3321 secure
2785 3273 3050 3333 habitasse,
3093 3275 3178 3324 sed
3209 3279 3257 3326 et
3291 3277 3525 3339 plurimos
3564 3294 3729 3331 eorun.
3759 3282 3915 3331 oct-ism

2386 3368 2528 3419 fuisse
2545 3407 2559 3430 ,
2592 3372 2863 3434 multosque
2888 3385 2916 3421 e
2937 3372 3130 3423 civitate
3152 3376 3408 3437 expulsos:
3484 3392 3611 3441 quos
3639 3381 3835 3442 populus
3854 3390 3923 3426 re·

2385 3473 2592 3534 ducens,
2624 3474 2762 3525 vobis
2795 3477 2976 3526 vestros
3018 3492 3156 3541 agros
3193 3479 3430 3542 reddidit,
3461 3494 3552 3532 nec
3583 3496 3666 3534 eos
3702 3492 3939 3546 occupate

2383 3588 2527 3625 ausus
2560 3579 2648 3626 est.
2737 3578 2805 3640 (5)
2838 3581 3157 3636 Quamobrem
3173 3582 3214 3631 si
3239 3582 3358 3631 mihi
3381 3583 3754 3646 obtemperetis,
3778 3592 3950 3645 neque

2383 3669 2705 3720 benefactores
2717 3674 2915 3734 vestros,
2934 3678 3169 3736 quantum
3191 3675 3241 3723 in
3262 3675 3398 3725 vobis
3423 3677 3543 3738 erit,
3562 3679 3717 3740 patria
3733 3673 3962 3731 emeth,

2380 3779 2537 3827 neque
2554 3766 2711 3816 verbis
2730 3768 3051 3830 potiusquam
3085 3770 3337 3832 operibus,
3383 3785 3544 3835 neque
3577 3775 3749 3823 futuris
3785 3766 3971 3831 mam'ss

2381 3872 2526 3920 quam
2550 3860 2801 3921 praeteritis
2813 3896 2828 3921 ,
2847 3862 3049 3912 credetis
3065 3864 3329 3925 proesertim
3349 3879 3505 3927 quum
3525 3866 3857 3918 recordemini
3884 3859 3978 3911 ὦ

2379 3954 2582 4013 garchiae
2608 3956 2814 4004 fautores
2837 3992 2851 4015 ,
2875 3955 3036 4008 verbis
3058 3956 3253 4018 quidem
3285 3959 3466 4021 populo
3483 3960 3724 4011 adversari
3740 3998 3755 4023 ,
3772 3956 3892 4010 sed
3921 3963 3978 4001 ΓΘ

2380 4045 2479 4108 ipsa
2497 4047 2665 4096 vestris
2678 4047 2821 4097 rebus
2841 4046 3040 4107 inhiare,
3054 4062 3176 4111 quas
3197 4051 3526 4114 possidebunt,
3548 4056 3740 4116 quando
3753 4065 3869 4103 vos
3893 4058 3979 4096 ⁸⁰·

2379 4139 2565 4188 ciorum
2599 4139 2818 4202 praesidio
2843 4140 3098 4191 destitutos
3113 4142 3487 4205 deprehendent.
3511 4146 3580 4208 (ο)
3609 4146 3782 4195 Deinde
3807 4143 3856 4191 ii
3875 4132 3974 4201 qui

2379 4237 2541 4284 nostra
2559 4237 2901 4297 concupiscunt
2924 4249 3012 4286 nos
3027 4236 3320 4299 interrogant
3346 4251 3502 4301 ecqua
3529 4241 3622 4290 erit
3651 4238 3846 4290 civitati
3892 4241 3974 4280 ⁸⁸·

2380 4327 2483 4387 lus,
2507 4327 2595 4376 nisi
2614 4342 2669 4377 ea
2687 4328 2937 4381 fecerimus
2958 4345 3069 4394 quoe
3093 4332 3440 4383 Lacedaemonii
3458 4334 3658 4395 jubenti
3694 4339 3791 4396 Ego
3824 4333 3968 4376 *ΒΝ

2380 4420 2495 4468 istos
2528 4420 2685 4470 dicere
2709 4422 2880 4484 velim,
2917 4424 3033 4486 quid
3055 4425 3232 4487 populo
3258 4427 3548 4475 eventurum
3581 4427 3644 4476 sit
3672 4430 3712 4476 si
3740 4425 3967 4475 inoffi¹¹¹

2375 4514 2505 4576 iussa
2523 4522 2792 4574 fecerimus.
2812 4524 2895 4573 Sin
2913 4524 3090 4587 minus,
3109 4526 3264 4575 multo
3274 4527 3556 4588 praeclarins
3564 4528 3654 4578 erit
3668 4521 3967 4590 pugnant&

2378 4617 2687 4680 occumbere,
2707 4631 2851 4680 quam
2883 4621 3044 4681 aperte
3065 4632 3152 4669 nos
3167 4621 3334 4670 nostro
3365 4620 3597 4683 suffragio
3625 4621 3770 4684 capite
3801 4618 3969 4665 οῦν

2378 4716 2616 4766 demnare.
2636 4717 2703 4778 (7)
2725 4717 2957 4767 Existimo
2978 4718 3126 4780 enim,
3166 4719 3208 4767 si
3245 4719 3589 4781 persuadeam,
3610 4722 3837 4781 utrisque·
3892 4700 3975 4749 ό

2377 4813 2514 4862 nobis
2535 4816 2583 4864 et
2607 4813 2992 4876 Lacedaemoniis,
3014 4826 3271 4863 commune
3288 4814 3465 4865 Instare
3481 4815 3754 4878 pericnlum.
3764 4805 3865 4869 cuj
3880 4805 3980 4846 *Β

2376 4919 2622 4968 sententioe
2651 4920 2794 4968 etiam
2820 4917 3014 4980 Argivos
3035 4918 3086 4967 et
3108 4915 3483 4976 Mantineenses,
3511 4916 3595 4979 qui
3611 4927 3743 4965 sunm
3755 4901 3981 4963 „111¹”

2377 5020 2616 5079 incolunt,
2646 5031 2746 5067 esse
2771 5016 2938 5079 video,
2972 5017 3078 5065 illos
3094 5014 3468 5065 Lacedoemoniis
3486 4993 3983 5069 contaminabo

2375 5133 2520 5183 prope
2533 5119 2818 5180 bnbitantes;
2831 5118 2936 5167 illos
2945 5116 3082 5166 nobis
3094 5128 3193 5164 non
3205 5113 3367 5177 plures
3383 5126 3609 5175 numero,
3623 5113 3704 5161 bos
3720 5107 3789 5158 vix
3802 5086 3985 5187 &52⁹

2374 5214 2622 5264 hominum
2646 5214 2793 5263 minis
2811 5211 3081 5262 efficientes.
3112 5211 3181 5272 (s)
3217 5208 3388 5258 sonunt
3414 5209 3543 5258 enim
3578 5170 3979 5292 Μ

2373 5323 2478 5369 οοε,
2500 5309 2721 5372 quamvis
2738 5306 2823 5370 ipsi
2847 5305 3034 5369 smpein
3061 5317 3229 5353 eorum
3267 5315 3407 5366 agros
3431 5302 3529 5352 sint
3553 5294 3785 5361 irrupturi·
3803 5272 3971 5340 *⁸¹*

2368 5418 2493 5469 saepe
2505 5404 2706 5467 sumptis
2719 5402 2863 5452 armis
2880 5412 3178 5451 occursuros.
3201 5399 3273 5448 lta
3287 5400 3344 5447 ut
3352 5397 3604 5447 honestum
3615 5390 3716 5455 ipsis
3726 5376 3960 5451 νάειν
