4467 6542
668 665 736 722 ιε
1724 662 2225 723 ΑΝτιψαΝΤοΣ
2267 663 2582 724 TETPAA.
2630 666 2692 737 n,
2735 687 2786 741 γ.

655 803 864 861 πάντων
887 800 942 861 δὲ
966 802 1248 879 σωμάτων,
1271 802 1356 861 διὰ
1378 804 1479 861 τῶν
1503 806 1684 861 ἑαυτοῦ
1705 804 1990 883 πλευρῶν
1962 803 2207 874 οιαπῆξαι

658 890 797 967 λέγει
826 888 884 947 τὸ
913 888 1168 951 ἀκόντιον.
1239 887 1382 967 Ἐγὼ
1406 888 1458 947 δὲ
1484 888 1723 956 ἑκουσίως
1750 894 2052 969 κατηγορῶν
2077 893 2205 949 ἀπο-

591 994 618 1031 s
656 977 856 1035 κτεῖναι
880 975 1034 1034 αύτον
1062 976 1420 1056 πιστότερος*
1386 1000 1447 1034 αν
1472 1000 1559 1052 μοι
1588 978 1723 1034 δοκῶ
1748 967 1878 1034 εἶναι
1904 976 1939 1047 ἢ
1961 967 2132 1050 οὗτος,
2156 977 2208 1044 ὃς

658 1063 792 1140 μήτε
819 1065 998 1142 βαλεῖν
1021 1062 1155 1141 μήτε
1180 1064 1479 1122 ἀποκτεῖναί
1503 1086 1629 1143 φησι
1650 1063 1710 1121 τὸ
1738 1063 2023 1143 μειράκιον.
2045 1064 2112 1141 (ο)
2137 1064 2204 1125 Ὁ

657 1148 753 1227 μὲν
781 1150 882 1231 γὰρ
902 1152 955 1208 ἓν
976 1150 1143 1231 τούτῳ
1170 1154 1244 1230 τῷ
1267 1154 1430 1230 καιρῷ
1453 1149 1766 1226 καλούμενος
1793 1150 1891 1209 ὑπὸ
1911 1155 2000 1209 τοῦ
2021 1151 2207 1209 παιδο·

655 1237 857 1318 τρίδου,
886 1236 940 1303 ὃς
965 1238 1242 1316 ὑπεδέχετο
1264 1246 1367 1303 τοῖς
1394 1237 1713 1305 ἀκοντίζουσι
1734 1236 1800 1295 τὰ
1820 1237 2032 1296 ἀκόντια
2061 1242 2207 1296 ἀναι-

660 1330 888 1403 ρεῖσθαι,
916 1323 1000 1382 διὰ
1030 1324 1126 1396 τὴν
1161 1329 1251 1382 τοῦ
1282 1323 1524 1403 βαλόντος
1552 1324 1842 1383 ἀκολασίαν
1867 1323 2104 1405 πολεμίῳ
2131 1328 2207 1405 τῷ

657 1410 840 1470 τούτου
888 1411 1029 1491 βέλει
1077 1411 1387 1491 περιπεσών,
1434 1411 1581 1470 οὐδὲν
1624 1415 1695 1479 εἷς
1728 1411 1891 1470 οὐδέν’
1931 1412 2203 1493 ἁμαρτών,

662 1498 851 1564 ἀθλίως
879 1498 1160 1557 ἀπέθανεν·
1190 1502 1218 1556 6
1242 1498 1296 1557 δὲ
1323 1497 1443 1579 περὶ
1468 1498 1555 1556 τὸν
1580 1503 1673 1571 τῆς
1695 1498 2003 1579 ἀναιρέσεως
2028 1499 2206 1579 καιρὸν

660 1586 1050 1662 πλημμελήσας
1084 1587 1142 1643 οὗ
1182 1589 1273 1643 τοῦ
1320 1590 1518 1644 σκοποῦ
1558 1589 1733 1664 τυχεῖν
1773 1586 2006 1657 ἐκωλύθη
2023 1630 2041 1658 ,
2093 1584 2209 1645 ἀλλ’

584 1690 635 1731 ιο
662 1671 833 1731 ἄθλιον
856 1671 947 1730 καὶ
975 1671 1158 1751 πικρὸν
1189 1670 1381 1730 σκοπὸν
1410 1671 1526 1749 ἐμοὶ
1552 1673 1823 1739 ἀκοντίσας
1842 1673 1973 1731 ἑκὼν
1999 1671 2093 1749 μὲν
2116 1674 2209 1731 οὐκ

658 1756 979 1835 ἀπέκτεινεν,
1009 1759 1209 1835 μᾶλλον
1238 1757 1293 1816 δὲ
1316 1759 1447 1817 ἑκὼν
1476 1757 1583 1817 οὔτ’
1602 1757 1787 1817 ἔόαλεν
1820 1758 1925 1818 οὔτ’
1963 1758 2211 1817 ἀπέκτει-

658 1868 762 1918 νεν,
786 1844 1038 1912 ἀκουσίως
1060 1843 1129 1903 ’δὲ
1156 1847 1256 1923 οὐχ
1281 1837 1442 1916 ἧσσον
1472 1844 1506 1916 ἢ
1534 1846 1780 1913 ἑκουσίως
1806 1845 2076 1905 ἀπέκτεινέ
2108 1868 2209 1923 μου

658 1932 748 1992 τὸν
796 1934 986 1993 παῖδα.
1076 1933 1143 2010 (7)
1175 1931 1255 1992 Τὸ
1284 1931 1536 2012 παράπαν
1562 1933 1608 1991 δ’
1637 1933 1947 2013 ἀρνούμενος
1982 1932 2059 2011 μὴ
2088 1935 2212 1992 ἀπο·

659 2024 856 2081 κτεῖναι
884 2019 1037 2077 αὐτὸν
1056 2020 1163 2078 οὐδ’
1187 2019 1288 2077 ὑπὸ
1305 2024 1397 2078 τοῦ
1410 2018 1568 2095 νόμου
1592 2019 2092 2097 καταλαμὸἀνεσθαί
2110 2043 2211 2101 φη-

660 2130 762 2182 σιν,
790 2107 844 2173 ὃς
867 2106 1178 2186 ἀπαγορεύει
1206 2106 1337 2183 μήτε
1360 2105 1569 2173 δικαίως
1592 2105 1727 2183 μήτε
1750 2107 1991 2174 ἀδίκως’
1962 2107 2211 2166 αποκτεί-

661 2218 781 2254 νειν.

659 2281 778 2348 τους
818 2280 1173 2358 θεωμένους*
1144 2306 1179 2351 η
1229 2282 1300 2347 εἷς
1339 2280 1455 2347 τους
1495 2279 1891 2359 παιδαγωγούς;
1934 2286 2005 2340 ὧν
2051 2281 2213 2348 οὐδεὶς

587 2398 639 2437 15
664 2370 809 2428 οὐδὲν
832 2372 1137 2449 κατηγορεῖ·
1159 2369 1217 2426 οὗ
1237 2367 1339 2447 γὰρ
1360 2368 1574 2447 ἀφανής,
1595 2368 1731 2426 ἀλλὰ
1749 2368 1878 2426 καὶ
1861 2370 1978 2427 Λίαν
2001 2391 2213 2449 φανερος

665 2458 841 2534 ἔμοιγε
864 2458 1022 2514 αὐτου
1046 2458 1074 2512 6
1098 2453 1314 2520 θάνατός
1340 2456 1501 2514 ἐστιν.
1527 2453 1669 2533 Ἐγὼ
1687 2454 1743 2513 δὲ
1768 2453 1855 2512 τὸν
1879 2454 2033 2530 νόμον
2056 2457 2215 2534 ὀρθῶς

666 2542 927 2624 ἀγορεύειν
970 2540 1105 2621 φημὶ
1140 2539 1256 2607 τοὺς
1290 2541 1696 2608 ἀποκτείναντας
1732 2542 2064 2609 κολάζεσθαι·
2096 2541 2128 2599 ὅ
2159 2565 2215 2600 τε

664 2632 767 2709 γὰρ
791 2629 931 2688 ἄκων
967 2627 1274 2694 ἀποκτείνας
1315 2628 1573 2696 ἀκουσίοις
1609 2631 1787 2696 κακοῖς
1812 2637 2109 2708 περιπεσεῖν
2139 2626 2215 2685 δί-

665 2715 811 2782 καιός
854 2718 1016 2791 ἔστιν,
1053 2714 1085 2772 8
1120 2737 1177 2771 τε
1206 2714 1504 2794 διαφθαρεὶς
1530 2714 1675 2774 οὐδὲν
1713 2708 1873 2787 ἧσσον
1903 2714 2155 2781 ἀκουσίως
2180 2713 2216 2785 ἢ

666 2801 908 2867 ἑκουσίως
940 2801 1183 2881 βλαφθεὶς
1220 2803 1440 2859 ἀδικοῖτ’
1470 2800 1534 2860 ἂν
1567 2802 1893 2883 ἀτιμώρητος
1927 2802 2214 2881 γενόμενος.

669 2892 733 2966 (a)
761 2890 845 2949 Οὔ
883 2888 1076 2955 δίκαιος
1100 2887 1154 2946 δὲ
1182 2888 1463 2969 ἀποφυγεῖν
1491 2888 1603 2947 ἐστὶ
1632 2888 1717 2947 δια
1750 2889 1846 2961 τὴν
1883 2890 2103 2968 ἀτυχίαν
2126 2893 2219 2959 τῆς

587 3002 642 3041 20
667 2975 945 3055 ἁμαρτίας.
1026 2977 1095 3035 Εἰ
1125 2973 1218 3052 μὲν
1251 2974 1354 3055 γὰρ
1382 2974 1482 3033 ὑπὸ
1507 2977 1766 3053 μηδεμιᾶς
1791 2976 2088 3052 ἐπιμελείας
2125 2981 2217 3035 τοῦ

667 3069 783 3122 θεοῦ
812 3068 846 3134 ἡ
867 3061 1058 3141 ἀτυχία
1098 3061 1321 3138 γίνεται,
1353 3061 1646 3142 ἁμάρτημα
1671 3054 1799 3121 ουσα
1827 3068 1903 3143 τῷ
1935 3062 2219 3141 ἁμαρτόντι

667 3147 911 3230 συμφορά
939 3148 1114 3208 δικαία
1157 3148 1395 3227 γενέσθαι
1426 3149 1596 3208 ἐστίν·
1631 3153 1677 3209 εἰ
1705 3149 1759 3209 δὲ
1801 3150 1912 3209 θεία
1956 3150 2105 3222 κηλὶς
2144 3154 2220 3231 τῷ

669 3236 918 3318 δράσαντι
962 3235 1280 3316 προσπίπτει
1324 3234 1633 3310 ἀσεὸουντι,
1655 3237 1715 3294 ου
1753 3235 1949 3294 δίκαιον
1972 3236 2063 3303 τὰς
2083 3237 2220 3304 θείας

668 3321 965 3403 προσὸολὰς
988 3321 1294 3381 διακωλύειν
1335 3322 1587 3400 γίνεσθαι.
1673 3325 1737 3400 (ν)
1770 3320 1997 3391 Ἐλεξαν
2035 3323 2091 3382 δὲ
2127 3323 2219 3383 καὶ
2269 3374 2272 3379 ,,

668 3411 740 3475 ὡς
785 3411 844 3467 οὗ
883 3408 1072 3489 πρέπει
1115 3407 1352 3512 χρηστὰω
1369 3409 1767 3483 ἐπιτηδεύοντας
1810 3410 1998 3477 αὗτους
2042 3415 2217 3469 κακῶν

670 3493 963 3563 ἀξιουσθαι·
1005 3498 1156 3571 ἡμεῖς
1184 3495 1240 3553 δὲ
1272 3498 1383 3561 πῶς
1425 3494 1489 3554 ἂν
1527 3495 1789 3575 πρέποντα
1821 3496 2134 3576 πάσχοιμεν,
2176 3499 2220 3555 εἷ

671 3580 832 3658 μηδὲν
861 3581 1202 3663 ὑποδεέστερα
1222 3583 1415 3641 τούτων
1435 3584 1754 3659 μελετῶντες
1777 3583 1985 3663 θανάτῳ
2009 3582 2221 3659 ζημιού-

588 3693 646 3731 2⁵
671 3676 839 3747 μεθα·
823 3714 841 3746 ,
880 3669 1117 3730 Φάσκων
1159 3669 1214 3728 δὲ
1242 3668 1604 3780 ἀναμάρτητος
1631 3661 1795 3743 εἶναι’,
1823 3670 1915 3729 καὶ
1942 3640 2102 3737 ἀξιῶν
2129 3670 2222 3737 τὰς

672 3754 944 3837 συμφορὰς
970 3758 1075 3814 τῶν
1102 3748 1519 3837 ἇμαρτόντωνὟ
1470 3780 1603 3815 ειναι
1639 3782 1728 3816 και
1753 3756 1826 3834 μὴ
1854 3760 1923 3824 εἷς
1951 3781 2067 3823 τους
2092 3759 2219 3815 ἀνα·

669 3842 965 3921 μαρτήτους
992 3844 1358 3923 ἐκτρέπεσθαι,
1379 3843 1509 3924 ὑπὲρ
1528 3846 1678 3919 ἡμῶν
1705 3843 1866 3920 λέγει.
1946 3839 2024 3903 Ὅ
2048 3866 2105 3901 τε
2122 3842 2221 3921 γὰρ

670 3937 795 3996 παῖς
839 3953 939 4005 μου
966 3933 1038 3996 εἷς
1077 3930 1257 3989 οὐδένα
1290 3931 1433 3991 οὐδὲν
1464 3930 1736 4010 ἁμαρτών,
1772 3931 1872 3989 ὑπὸ
1911 3929 2092 3988 τούτου
2133 3953 2223 3989 του

671 4015 943 4094 μειρακίου
976 4017 1268 4090 ἀποθανών,
1298 4020 1515 4076 ἀδικοῖτ’
1560 4017 1621 4075 ἃν
1654 4015 1983 4095 ἀτιμώρητος
2015 4017 2224 4093 γενόμε-

670 4119 785 4169 νος·
816 4101 920 4179 ἐγώ
951 4125 1008 4161 τε
1031 4105 1177 4161 τοῦδε
1210 4106 1410 4179 μᾶλλον
1438 4104 1801 4183 ἀναμάρτητος
1833 4102 1905 4160 ὢν
1935 4102 2077 4161 δεινὰ
2105 4103 2226 4161 πεί-

670 4213 852 4267 σομαι,
880 4191 960 4249 ἀὸ
986 4191 1139 4267 νόμος
1163 4190 1343 4250 δίδωσί
1366 4215 1453 4267 μοι
1481 4190 1555 4267 μὴ
1584 4191 1756 4269 τυχὼν
1780 4194 1908 4271 παρ’
1937 4194 2102 4267 ὑμῶν.
2135 4191 2221 4268 (ιο)

671 4276 771 4344 Ὦς
792 4277 847 4336 δὲ
870 4277 984 4336 οὐδὲ
1021 4282 1113 4349 τῆς
1148 4277 1409 4357 ἁμαρτίας
1437 4277 1550 4337 οὐδὲ
1578 4282 1667 4335 τοῦ
1702 4276 1955 4344 ἀκουσίως
1983 4278 2227 4335 ἀποκτεῖ-

588 4385 643 4423 ao
670 4385 784 4437 ναι,
804 4363 859 4432 ὶξ
885 4355 957 4423 ὧν
982 4364 1130 4422 αὐτοι
1148 4363 1405 4442 λέγουσιν,
1433 4364 1752 4441 ἀπολύεται,
1776 4362 1912 4422 ἀλλὰ
1939 4363 2087 4424 κοινὰ
2118 4366 2225 4440 ἀμ-

672 4449 865 4531 φᾶτερα
892 4474 1056 4509 ταυτα
1089 4453 1282 4531 ἀμφοῖν
1312 4453 1485 4511 αὐτοῖν
1516 4449 1653 4523 ἐστί,
1683 4449 1924 4524 δηλώσω.
2008 4452 2175 4530 Εἴπερ
2199 4455 2226 4510 6

673 4541 795 4605 παῖς
822 4536 907 4596 διὰ
938 4536 997 4596 τὸ
1027 4537 1128 4596 ὑπὸ
1154 4536 1249 4608 τὴν
1277 4537 1437 4646 φορὰν
1468 4561 1557 4596 του
1583 4539 1820 4597 ἀκοντίου
1845 4540 2006 4599 ἐλθεῖν
2039 4537 2129 4598 καὶ
2152 4539 2225 4614 μὴ

677 4624 907 4704 ἀτρέμας
949 4625 1163 4684 ἑστάναι
1216 4621 1395 4705 φονευς
1441 4622 1593 4689 αὐτὸς
1639 4627 1798 4684 αὖτου
1850 4624 2045 4693 δίκαιος
2093 4617 2225 4684 εἶναί

677 4736 834 4785 εστιν,
866 4710 985 4772 οὐδὲ
1037 4712 1099 4771 τὸ
1144 4710 1411 4792 μειράκιον
1451 4709 1678 4790 καθαρὸν
1726 4716 1819 4783 τῆς
1863 4714 2032 4779 αἰτίας
2065 4714 2225 4789 ἐστίν,

678 4803 794 4861 ἀλλ’
809 4799 953 4880 εἴπερ
967 4799 1150 4859 τούτου
1170 4799 1246 4877 μὴ
1264 4797 1630 4870 ἀκοντίζοντας,
1656 4798 1769 4857 ἀλλ’
1788 4800 1992 4878 ἀτρέμα
2012 4802 2229 4866 ἑστῶτος

680 4886 932 4946 ἀπέθανεν
960 4892 988 4946 6
1014 4895 1157 4954 παῖς.
1207 4886 1299 4955 Ἐξ
1326 4888 1516 4963 ἀμφοῖν
1546 4884 1601 4943 δὲ
1628 4891 1717 4944 τοῦ
1739 4884 1893 4967 φόνου
1926 4887 2227 4963 γενομένου,

683 4978 712 5034 6
748 4974 843 5053 μὲν
875 4976 997 5042 παῖς
1037 4977 1106 5041 εἰς
1149 4974 1302 5033 αὑτὸν
1350 4970 1600 5051 ἁμαρτὼν
1648 4975 1846 5048 μᾶλλον
1884 4970 1919 5042 ἢ
1960 4972 2097 5030 κατὰ
2138 4971 2230 5042 τὴν

604 5088 658 5130 ³⁵
686 5061 947 5141 ἁμαρτίαν
983 5061 1163 5121 ἑαυτὸν
1210 5061 1564 5139 τετιμώρηται
1608 5058 1846 5137 (τέθνηκε
1889 5059 2064 5139 γάρ),
2105 5063 2133 5117 6
2170 5060 2223 5116 δὲ

687 5151 1003 5230 συλλήπτωρ
1031 5150 1123 5209 καὶ
1150 5150 1388 5218 κοινωνὸς
1428 5152 1498 5217 εἰς
1526 5148 1643 5217 τοὺς
1670 5150 1728 5208 οὗ
1758 5146 2116 5228 προσήκοντας
2142 5152 2232 5219 τῆς

687 5237 949 5318 ἁμαρτίας
989 5236 1264 5315 γενόμενος
1302 5241 1413 5305 πῶς
1455 5238 1650 5305 δίκαιος
1692 5235 1910 5313 ἀζήμιος
1950 5238 2232 5317 ἀποφυγεῖν
2272 5283 2273 5286 ¹

2272 5350 2273 5354 ¹
2322 5326 2499 5376 delicto
2541 5323 2680 5385 taedi,
2704 5323 2994 5385 proebuerit?

689 5324 855 5472 επιίί,
877 5411 976 5473 Ἐκ
1000 5410 1055 5471 δὲ
1076 5414 1167 5479 εἷς
1188 5412 1356 5470 αὐτῶν
1383 5414 1486 5470 τῶν
1505 5410 1932 5490 ἀπολογουμένων
1952 5410 2235 5487 ἀπολογίας

862 2193 1021 2254 Ἀλλὰ
1048 2193 1123 2261 τίς
1144 2197 1174 2252 6
1198 2191 1373 2272 βαλών
1400 2196 1572 2266 ἐστινς
1601 2199 1629 2253 6
1651 2193 1797 2275 φόνος
1821 2186 1910 2254 ουν
1934 2194 2115 2267 ἀνήκει
2142 2197 2213 2261 εἷς
2251 2196 2252 2201 ’

3584 666 3681 740 <⁶⁷1
3694 676 3861 745 -mi

2300 811 2388 861 luit
2407 811 2606 873 jaculari
2625 849 2640 873 ,
2678 812 2879 875 ideoque
2907 826 3063 875 neque
3099 825 3274 874 corpus
3304 812 3461 863 ullum
3493 813 3641 864 ferire
3676 818 3864 877 potuit,

2300 894 2463 943 tamen
2497 896 2593 944 aiat
2630 895 2785 957 ipsum
2817 896 2915 944 suis
2946 895 3165 945 manibus
3199 896 3323 945 illud
3353 896 3576 957 iaculum
3626 911 3713 960 per
3744 900 3868 951 latus

2310 990 2451 1026 suum
2480 979 2835 1041 transadegisse.
2900 982 3003 1042 Ego
3024 994 3169 1042 vero,
3192 980 3233 1029 si
3250 980 3363 1029 data
3379 994 3526 1043 opera
3551 982 3691 1031 illum
3716 984 3865 1033 inter·

2301 1058 2465 1109 fecisse
2500 1062 2870 1123 contenderem,
2904 1062 3121 1123 facilius,
3156 1068 3304 1125 puto,
3341 1064 3685 1125 persuaderem
3719 1079 3866 1127 quam

2301 1140 2471 1202 hicce,
2498 1143 2581 1205 qui
2616 1156 2646 1191 a
2671 1144 2771 1192 filio
2797 1156 2887 1192 suo
2919 1157 3077 1207 neque
3111 1146 3262 1193 ictum
3298 1158 3458 1208 neque
3495 1147 3715 1197 occisum
3763 1160 3868 1197 ease

2299 1235 2500 1284 puerum
2520 1224 2653 1274 dicit.
2719 1226 2787 1287 (6)
2811 1225 2958 1276 Filius
2981 1238 3116 1275 meus
3139 1228 3247 1275 tum
3275 1227 3538 1289 temporis,
3569 1242 3725 1291 quum
3755 1232 3868 1281 ado·

2299 1303 2480 1353 lescens
2496 1304 2573 1353 hic
2587 1304 2801 1365 jaculum
2816 1306 3089 1368 expediret,
3102 1320 3132 1355 a
3145 1306 3410 1368 paedotriba
3424 1308 3749 1369 iaculantium
3768 1310 3866 1360 tela

2298 1386 2565 1447 excipiente
2580 1389 2629 1436 et
2647 1387 2896 1449 colligente
2925 1388 3187 1437 vocabatur
3221 1407 3235 1437 ι
3269 1389 3453 1439 interea
3476 1389 3599 1440 dum
3631 1404 3756 1454 puer
3779 1405 3862 1440 ac-

2300 1468 2448 1517 currit
2465 1504 2479 1529 ,
2495 1468 2768 1518 adolescens
2789 1470 3070 1518 temeritatis
3083 1468 3447 1532 intemperantia
3464 1471 3694 1521 infestum
3714 1475 3864 1522 intor-

2301 1550 2478 1612 quebat
2512 1551 2758 1613 iaculum,
2784 1565 2883 1614 quo
2919 1551 3073 1613 ictus,
3112 1551 3238 1601 tilius
3264 1566 3429 1615 meus,
3471 1553 3534 1603 ab
3565 1556 3697 1603 omni
3725 1557 3866 1618 culpa

2299 1644 2476 1681 vacans
2497 1632 2669 1681 misere
2693 1632 2836 1695 periit
2855 1651 2868 1681 ε
2887 1633 2968 1682 ille
2984 1636 3164 1697 autem,
3183 1648 3241 1685 eo
3257 1634 3389 1698 quod
3407 1635 3648 1685 laberetur
3666 1636 3716 1685 in
3736 1637 3862 1687 aesti-

2301 1714 2476 1763 mando
2504 1716 2721 1777 tempore
2749 1713 2883 1776 quod
2907 1716 3084 1765 insumi
3114 1718 3236 1766 solet
3247 1716 3420 1779 jaculis
3441 1718 3745 1780 colligendis,
3770 1732 3865 1769 non

2301 1807 2499 1857 scopum
2528 1795 2667 1845 ferire
2682 1795 2942 1858 impeditus
2961 1798 3066 1860 est,
3099 1797 3430 1848 sedmiserum
3465 1799 3517 1848 et
3555 1798 3865 1861 peracerbum

2302 1877 2421 1926 mihi
2449 1889 2646 1939 scopum
2680 1876 2919 1939 attingens
2953 1877 3105 1927 tilium
3140 1891 3302 1928 meum
3339 1892 3438 1928 non
3474 1880 3644 1930 volens
3672 1880 3864 1943 quidem

2301 1959 2561 2019 interfecit,
2589 1958 2688 2008 imo
2715 1971 2832 2008 vero
2861 1958 3028 2009 volens
3056 1972 3212 2022 neque
3249 1960 3376 2010 feriit
3404 1973 3561 2023 neque
3580 1962 3785 2023 occidit,
3817 1966 3867 2011 at

2302 2045 2481 2095 invitus
2499 2045 2650 2095 nihilo
2667 2046 2829 2094 tamen
2851 2045 3012 2093 minus
3025 2044 3204 2093 occidit
3220 2080 3235 2105 ,
3255 2057 3401 2106 quam
3418 2044 3459 2093 si
3474 2045 3641 2095 volens
3659 2047 3860 2097 fecisset.

2303 2129 2371 2190 (7)
2391 2131 2575 2190 Negans
2591 2128 2752 2190 itaque
2772 2141 2979 2190 puerum
3005 2140 3035 2176 a
3051 2141 3102 2177 se
3121 2126 3483 2189 interemptum,
3509 2131 3653 2190 negat
3670 2142 3864 2192 quoque

2304 2220 2356 2256 se
2408 2208 2511 2270 lege
2560 2208 2713 2257 teneri
2763 2208 2874 2270 illa,
2901 2220 3044 2277 ‚qum
3091 2205 3222 2255 caede
3276 2206 3408 2254 omni
3468 2206 3713 2257 interdicit
3769 2209 3866 2256 sive

2301 2291 2431 2352 justa
2473 2290 2575 2339 sive
2617 2289 2810 2351 injusta.
2903 2288 3047 2351 Atqui
3079 2288 3119 2337 si
3163 2287 3244 2336 hic
3287 2286 3529 2336 homicida
3559 2301 3658 2337 non
3701 2292 3794 2349 est,
3818 2290 3863 2337 in

2304 2384 2564 2434 quemnam
2604 2370 2746 2433 culpa
2793 2369 2937 2419 caedis
2976 2369 3250 2418 relabetur?
3281 2368 3331 2416 in
3379 2370 3674 2430 spectatores
3725 2384 3861 2431 ergo,

2306 2465 2368 2500 an
2391 2451 2441 2499 in
2474 2450 2792 2513 paedagogos?
2819 2448 2966 2511 Atqui
2998 2448 3171 2496 horum
3198 2447 3394 2509 quidem
3420 2461 3564 2497 nemo
3590 2463 3863 2514 quenquam

2307 2529 2407 2577 ulla
2423 2542 2486 2577 ex
2504 2530 2640 2590 parte
2659 2527 2860 2576 incusat.
2924 2529 2982 2576 Et
3002 2528 3163 2575 tamen
3181 2538 3278 2573 non
3290 2524 3512 2587 obscura,
3527 2526 3612 2575 sed
3626 2529 3704 2578 vel
3725 2531 3865 2580 nimis

2265 2611 2267 2623 “
2307 2609 2450 2658 etiam
2470 2610 2601 2657 certa
2627 2606 2784 2656 caedes
2804 2606 2908 2667 ejus
2925 2608 3014 2654 est.
3079 2608 3224 2654 Porro
3247 2607 3376 2653 recte
3398 2606 3517 2654 mihi
3537 2607 3618 2655 lex
3637 2615 3864 2668 praecipe-

2308 2700 2361 2735 re
2379 2685 2586 2745 videtur,
2606 2687 2660 2733 ut
2679 2683 2917 2732 homicida
2938 2681 3184 2744 puniatur.
3201 2685 3321 2731 Nam
3337 2683 3524 2731 etiamsi
3543 2683 3728 2733 invitus
3744 2687 3866 2734 occi-

2308 2762 2460 2822 derit,
2501 2774 2598 2809 non
2644 2761 2752 2809 ideo
2795 2762 2958 2809 tamen
3003 2757 3324 2807 abmlvendus
3361 2759 3453 2808 erit
3496 2761 3653 2822 poenis
3689 2766 3861 2823 praeter

2308 2839 2605 2888 voluntatem
2625 2837 2880 2885 contractis
2905 2855 2917 2885 ε
2938 2838 2988 2885 et
3014 2837 3312 2897 peremptus,
3329 2835 3448 2884 nihil
3468 2836 3579 2885 ideo
3597 2837 3758 2887 minus
3788 2839 3866 2886 lae·

2308 2928 2412 2975 sus,
2430 2914 2559 2976 quod
2581 2927 2611 2962 a
2637 2914 2830 2963 nolente
2855 2915 3130 2975 peremptus
3153 2912 3241 2972 sit,
3260 2925 3408 2973 quam
3433 2911 3474 2960 si
3501 2925 3531 2960 a
3550 2913 3744 2964 volente
3759 2928 3865 2977 per·

2308 2997 2500 3057 emptus
2528 2994 2679 3047 esset,
2701 2991 2926 3053 injuriam
2956 2990 3221 3052 acciperet,
3249 2991 3291 3038 si
3313 2990 3498 3040 inultus
3527 2995 3763 3043 maneret.
3798 2996 3865 3055 (8)

2311 3075 2475 3132 Neque
2506 3072 2701 3131 propter
2731 3068 2907 3118 erroris
2930 3066 3005 3116 sui
3039 3066 3367 3115 infelicitatem
3393 3067 3636 3117 homicida
3666 3070 3861 3119 absolu·

2310 3150 2440 3199 tione
2467 3148 2640 3210 dignus
2666 3150 2756 3197 est.
2830 3150 2981 3206 Nam,
3005 3145 3046 3194 si
3074 3144 3349 3195 infelicitate
3369 3147 3584 3207 quadam
3621 3161 3741 3198 usus
3769 3152 3866 3212 est,

2309 3238 2339 3274 a
2372 3238 2469 3287 qua
2490 3238 2671 3274 numen
2701 3224 2917 3273 divinum
2947 3235 3142 3285 prorsus
3165 3221 3346 3281 absint,
3383 3224 3602 3284 peccavit
3628 3227 3788 3275 tamen
3819 3229 3869 3276 et

2310 3315 2473 3365 poenas
2504 3301 2686 3364 peccati
2712 3300 2826 3350 dare
2855 3299 3172 3349 commeruit:
3193 3300 3268 3347 sin
3298 3302 3462 3348 autem
3489 3300 3683 3363 insuper
3711 3303 3869 3352 divina

2311 3381 2533 3443 quaedam
2553 3380 2742 3429 macula
2757 3378 3007 3428 homicida}
3031 3378 3257 3428 insederit
3281 3381 3450 3439 utpote
3471 3380 3578 3429 viro
3604 3382 3777 3444 impio,
3800 3383 3868 3431 in·

2311 3458 2554 3507 tercedere
2580 3458 2703 3505 velle
2722 3457 2933 3505 numinis
2967 3454 3245 3504 verberibus
3271 3455 3406 3504 nefas
3423 3457 3511 3505 est.
3592 3458 3660 3519 (9)
3690 3463 3868 3509 Verum

2311 3536 2575 3597 opponunt,
2611 3532 2739 3582 haud
2771 3533 2939 3581 decere
2979 3532 3118 3580 malis
3165 3531 3291 3580 affici
3329 3532 3549 3583 hominm
3595 3536 3745 3598 frugi3
3784 3550 3870 3587 noa

2311 3614 2474 3659 autem
2488 3646 2504 3670 ,
2525 3609 2610 3671 qui
2629 3622 2818 3657 morum
2834 3610 3110 3660 nostrornm
3123 3607 3251 3656 haud
3273 3608 3432 3658 minus
3448 3611 3869 3671 approbaverimus

2312 3687 2612 3737 sanctitatem
2632 3723 2646 3745 ,
2678 3687 2848 3736 mortis
2880 3686 3012 3734 luctu
3043 3685 3245 3733 cruciari
3281 3686 3419 3748 ecqui
3452 3692 3741 3739 conveniat?
3775 3690 3868 3741 sed

2313 3766 2456 3827 culpa
2480 3778 2531 3813 se
2559 3764 2627 3812 ait
2650 3777 2848 3824 vacare5
2883 3762 3182 3811 calamitates
3220 3762 3277 3811 iis
3314 3764 3527 3824 postulat
3553 3766 3757 3829 relinqui
3784 3769 3865 3829 qui

2314 3842 2642 3906 peccaverint.
2668 3854 2764 3889 non
2794 3845 2958 3890 autem
2990 3840 3038 3888 in
3071 3840 3332 3888 insontium
3363 3842 3519 3903 capita
3550 3842 3862 3906 detorqueri:

2313 3934 2500 3979 verum,
2518 3932 2573 3968 ea
2586 3919 2767 3976 dicens,
2786 3931 2872 3981 pro
2891 3916 3169 3966 nobisdicit.
3190 3920 3311 3966 Nam
3330 3917 3458 3967 tilius
3474 3932 3611 3969 meus
3632 3922 3869 3971 neminem

2317 4000 2414 4047 ulla
2436 4000 2484 4047 in
2517 4010 2568 4046 re
2599 3997 2828 4058 ossendit;
2854 3995 2986 4058 quod
3021 3996 3060 4045 si
3093 4008 3205 4057 ergo
3234 3996 3420 4045 inultus
3441 4000 3661 4059 maneat,
3683 4000 3745 4048 ab
3781 4001 3872 4049 hoc

2316 4075 2612 4124 adolescente
2636 4078 2931 4138 peremptus,
2970 4073 3195 4135 injuriam
3223 4073 3388 4135 utique
3411 4074 3616 4137 accipiat
3647 4095 3661 4125 ι
3691 4079 3741 4126 et
3758 4090 3870 4141 ego,

2315 4154 2400 4215 qui
2444 4154 2594 4215 magis
2627 4154 2771 4202 etiam
2802 4166 2948 4216 quam
2991 4152 3120 4201 filius
3150 4165 3288 4201 meus
3320 4153 3465 4214 culpa
3497 4166 3650 4215 vaco,
3682 4155 3869 4205 infanda

2315 4232 2488 4293 patiar,
2507 4231 2547 4279 si
2569 4244 2598 4279 a
2617 4230 2754 4279 vobis
2784 4243 2881 4278 non
2908 4242 3152 4291 assequar,
3179 4229 3311 4290 quod
3337 4229 3419 4278 lex
3440 4228 3558 4278 mihi
3590 4232 3867 4293 contribuit.

2319 4310 2416 4371 (ιο)
2459 4314 2534 4359 Ex
2574 4310 2667 4358 illis
2705 4312 2868 4358 autem
2908 4321 3019 4369 quae
3064 4307 3112 4356 hi
3144 4306 3389 4368 disputant
3431 4311 3683 4371 consequi,
3721 4311 3872 4361 adole·

2316 4391 2529 4439 scentem
2548 4402 2611 4437 ne
2639 4388 2700 4437 ab
2731 4388 2833 4450 ipso
2859 4387 3056 4449 quidem
3074 4386 3265 4436 defectu
3294 4387 3558 4437 voluntatis
3574 4391 3624 4438 et
3646 4392 3857 4452 proposit

2317 4469 2368 4517 iu
2391 4468 2522 4518 caede
2540 4466 2884 4516 committenda
2901 4466 3109 4525 absolvi,
3133 4465 3217 4514 sed
3232 4479 3445 4514 errorem
3480 4470 3530 4516 et
3551 4480 3742 4530 poenam
3767 4483 3844 4519 am
3861 4495 3874 4508 ·

2320 4546 2474 4595 bobus
2491 4546 2651 4609 pueris
2684 4545 2956 4594 communia
2975 4557 3104 4605 esse,
3125 4544 3321 4606 planum
3353 4544 3542 4594 faciam.
3605 4549 3727 4597 Nam
3754 4549 3794 4597 si
3813 4548 3872 4597 fl-

2319 4625 2414 4673 lius
2456 4638 2594 4675 meus
2636 4623 2744 4672 ideo
2799 4622 3040 4672 homicida
3074 4623 3251 4672 suimet
3286 4623 3561 4685 habebitur,
3609 4627 3725 4686 quia
3774 4638 3868 4677 non

2319 4705 2532 4753 constitit
2551 4703 2744 4765 quietus
2760 4737 2775 4762 ,
2807 4701 2892 4751 sed
2925 4701 3133 4750 venienti
3149 4702 3310 4762 iaculo
3341 4715 3393 4751 se
3420 4702 3627 4765 obtulit,
3655 4717 3717 4754 ne
3738 4706 3875 4754 istius

2319 4779 2518 4843 quidem
2545 4779 2673 4828 tilius
2690 4778 2832 4841 culpa
2855 4780 2927 4827 est
2952 4777 3224 4827 liberandus
3236 4814 3252 4839 ,
3275 4791 3371 4841 qua
3387 4782 3648 4829 vacaturus
3664 4785 3818 4844 esset,
3835 4781 3873 4832 si

2321 4860 2448 4908 tilius
2467 4872 2604 4908 meus
2629 4857 2711 4906 illo
2727 4859 2998 4918 quiescente
3016 4856 3298 4918 nullumque
3324 4857 3475 4907 telum
3489 4858 3696 4919 iaciente
3713 4861 3872 4910 conci-

2321 4938 2482 4987 disset.
2558 4935 2705 4986 Caede
2736 4936 2900 4997 itaque
2935 4935 2997 4983 ab
3033 4935 3267 4984 ambobus
3289 4936 3467 4997 pariter
3495 4942 3714 4999 peracta,
3751 4939 3875 4988 tilius

2323 5014 2515 5077 quidem
2539 5025 2678 5062 meus
2700 5012 2875 5060 erroris
2905 5012 2979 5060 sui
3004 5011 3054 5060 in
3077 5014 3229 5060 semet
3263 5011 3457 5061 admissi
3477 5013 3709 5074 majorem
3733 5016 3873 5064 etiam

2324 5107 2514 5156 poenam
2540 5104 2687 5154 quam
2724 5103 2811 5151 pro
2833 5089 2978 5138 modo
3008 5089 3185 5139 erroris
3203 5090 3292 5139 sibi
3328 5091 3428 5153 ipse
3457 5090 3591 5140 dedit
3619 5094 3828 5143 moriens
3859 5110 3872 5141 :

2323 5174 2405 5233 qut
2433 5183 2544 5231 ergo
2563 5181 2647 5230 par
2664 5166 2727 5215 sit
2751 5167 3040 5229 impunitum
3060 5167 3305 5216 discedere
3322 5180 3433 5216 eum
3447 5203 3462 5226 ,
3491 5171 3576 5230 qui
3594 5182 3646 5218 se
3667 5169 3735 5218 illi
3761 5182 3873 5218 con-

2322 5252 2501 5299 sortem
2529 5256 2580 5297 ει
2616 5246 2882 5308 adjutorem
2904 5246 3070 5295 delicti
3097 5247 3145 5295 in
3177 5259 3286 5307 eos,
3321 5259 3443 5307 quos
3469 5259 3566 5295 non
3590 5246 3794 5310 decebat
3820 5261 3875 5297 eo

2399 5421 2473 5464 ιι.
2505 5416 2572 5462 Ex
2590 5412 2690 5475 ipsa
2709 5411 2883 5460 horum
2898 5409 3170 5461 defensione
3183 5411 3368 5461 constat
3384 5408 3739 5462 adolescentem
3748 5406 3882 5469 hujus
