4467 6542
344 672 402 725 2⁵0

343 786 537 867 μεταλάόωσιν,
549 787 607 845 οὔτε
616 792 756 865 πρυτανεῖα
765 782 823 841 οὔτε
832 782 995 864 παράστασις
1005 781 1112 859 οὐδεμία

342 877 440 934 τίθεται
449 878 499 932 τῶν
510 875 684 949 εἰσαγγελαῦν·
695 869 761 927 ἀλλὰ
771 878 822 935 τοῖς
835 870 881 946 μὲν
896 868 1030 926 διώκουσιν
1041 872 1113 926 οἰκιν-

343 963 424 1028 διίνως
436 959 610 1038 εἰσαγγέλλειν
624 960 718 1027 ἔξεστι,
728 961 764 1036 τῷ
778 955 943 1035 βουλομένῳ,
956 960 1009 1021 τοῖς
1019 958 1041 1013 δ’
1054 956 1112 1012 ἁλι-

342 1047 477 1124 σκομένοις
498 1052 524 1104 αί
544 1046 654 1124 ἔσχαται
675 1046 795 1123 τιμωρίαι
810 1045 852 1101 ε’πί
868 1048 923 1109 ταῖς
944 1044 1114 1121 εἰσαγγελίαις

343 1136 450 1195 ἔπεισιν.
470 1137 515 1211 (aa)
530 1132 641 1192 Ἔπειτα
655 1137 676 1191 εἰ
689 1125 720 1203 ἦν
732 1132 757 1198 ἐξ
772 1134 923 1208 έγγυητῆςή
940 1131 1029 1189 τούτου
1039 1133 1113 1188 αἰδελ-

343 1225 405 1303 ριδῆ
417 1225 453 1301 τῷ
469 1221 586 1299 ἡμετέρῳ
598 1220 657 1299 θείῳ
671 1218 846 1296 γεγενημένη,
867 1218 1003 1297 ἐπέτρεψεν
1018 1216 1050 1275 ἂν
1064 1220 1113 1276 Νι·

302 1330 331 1370 aa
343 1310 454 1384 κόδημος
469 1312 502 1374 ὡς
516 1307 541 1374 ἐξ
555 1308 657 1385 ἑταίρας
667 1297 745 1364 οἰσαν
759 1305 838 1375 αὐτήν
849 1308 1000 1382 {syonodum
1012 1303 1057 1362 καί
1071 1327 1115 1382 γε·

342 1398 456 1474 νομένων
471 1396 555 1451 αἰετῶν
573 1396 620 1451 οὐκ
639 1394 670 1451 διν
690 1393 840 1468 εἰσήγγελλε
857 1392 919 1469 πρὸς
937 1390 979 1448 τόν
1001 1391 1114 1470 ἄρχοντα

342 1483 490 1563 θόρίζεσθαι
503 1480 550 1551 τήν
564 1480 702 1559 ἐπίκληρον
719 1480 769 1536 ὑπὸ
786 1484 831 1536 τοῦ
852 1479 931 1543 οὕτως
944 1477 1115 1554 ἐγγυήσαντος

343 1570 425 1638 αὐτήν
436 1590 443 1644 ;
458 1567 512 1627 Καὶ
521 1571 543 1625 εί
550 1559 582 1637 ήν
590 1569 673 1637 ἀληθῆ
683 1566 759 1623 άνυνί
769 1564 927 1639 τετόλμηκας
938 1570 1113 1643 μαρτυρῆσαι,

342 1660 507 1734 παραχρῆμα
518 1654 591 1719 εὐθὺς
603 1653 660 1712 τότε
673 1653 828 1730 ἐτιμωρήσω
838 1652 869 1708 διν
881 1652 923 1709 τὸν
935 1653 1085 1722 ἀδικοῦντα,
1097 1650 1114 1721 ἢ

341 1744 481 1801 καὶταῦτα
496 1745 583 1798 λαθεῖν
598 1740 704 1798 σεαυτὸν
719 1739 902 1817 προσποιήσεη
946 1741 990 1814 (ιο)
1011 1738 1114 1797 'Enete'

341 1830 394 1889 οὐδ’
408 1832 492 1898 ἕντῆς
505 1827 662 1897 ἔπιδοθείσης
674 1830 739 1905 αὐτῇ
753 1825 855 1905 προικὸς
866 1826 962 1902 ήσθους
972 1824 1058 1884 Ὥστε
1070 1824 1114 1882 καί

302 1937 329 1975 ιο
342 1920 374 1975 δι’
396 1916 457 1973 αὐτὸ
477 1921 551 1973 τοῦτο
570 1913 781 1990 άγανακτήσαντι
799 1913 880 1981 δήπου
901 1937 941 1971 σοι
955 1914 1115 1987 εἰσαγγεῖλαι

340 2004 383 2061 τθν
395 2000 499 2061 Ἐνδιον
517 2006 657 2079 προσῆκεν,
671 2003 693 2057 εἰ
708 2001 783 2064 αὐτὸς
796 1998 843 2075 μὲν
863 2000 1031 2078 τριτάλαντον
1046 1990 1113 2058 οἰκον

342 2090 409 2168 ἔχειν
431 2087 502 2158 ἠξίου
526 2093 560 2152 ὡς
576 2092 706 2165 προτῆκον
727 2090 813 2165 αὑτῷ,
833 2090 866 2163 τῇ
889 2088 915 2143 δὲ
935 2085 1028 2166 γνησίῳ
1051 2086 1114 2166 οὔσῃ

340 2175 483 2254 τρισχιλίας
503 2173 621 2251 δραχμάς
639 2174 734 2251 προῖκα
756 2171 857 2239 ἐπιδοὺς
871 2175 988 2231 ἐκδοῦναι
1005 2171 1113 2243 ἠξίωσεν

342 2263 421 2340 ἄλλῳ.
465 2252 521 2319 Εἶτ’
534 2260 577 2317 ἐπὶ
588 2260 684 2325 τούτοις
698 2262 745 2317 οὐκ
758 2261 941 2335 ἀγανακτήσας
955 2260 1113 2336 εἰσήγγειλεν

341 2348 373 2406 ἂν
388 2350 431 2406 τὸν
446 2347 552 2407 Ἐνδιον
569 2339 654 2418 οὗτος
666 2346 708 2403 ναί
726 2346 764 2421 μδι
781 2348 844 2418 Δία,
862 2350 885 2404 εἴ
898 2349 923 2423 γ’
936 2340 967 2419 ήν
983 2346 1075 2418 ἀληθές
1086 2347 1115 2406 τὸ

341 2444 460 2515 πρᾶγμα.
504 2435 547 2513 (ειν)
559 2425 642 2509 Οἶμαι
654 2435 681 2490 δὲ
694 2434 745 2490 οὐδ’
756 2432 787 2490 ἂν
798 2434 844 2502 τήν
858 2433 941 2513 ἀρχήν
954 2437 1048 2492 ἰκτῖνον
1060 2436 1114 2493 οὐδ’

343 2525 419 2580 άλλον
439 2522 470 2593 δή
485 2527 534 2580 τῶν
551 2521 704 2591 εἰσποιήτων
720 2519 810 2578 οὐδένα
824 2519 904 2587 οὕτως
919 2522 997 2591 εὐήθη
1010 2524 1064 2580 οὐδ’
1084 2520 1115 2580 δν

288 2617 322 2667 43
340 2610 462 2689 ὀλίγωρον
476 2612 526 2666 τῶν
534 2609 620 2684 νόμων
630 2611 681 2665 τῶν
690 2606 815 2683 κειμένων
824 2606 947 2683 γίνεσθαι,
957 2608 1020 2666 ὥσθ’
1031 2614 1115 2686 ὑπαρ-

341 2696 438 2774 χούσης
458 2695 565 2771 γνησίας
579 2693 702 2772 θυγατρὸς
717 2696 754 2769 τῷ
772 2691 816 2750 τὸν
835 2696 929 2773 κλῆρον
944 2694 1114 2753 καταλιπόντι

340 2782 420 2861 ἑτέρῳ
435 2784 523 2840 δοῦναι
542 2781 639 2850 ταύτην
657 2784 714 2837 ἀνθ’
730 2784 830 2839 ἑαυτοῦ.
852 2780 975 2859 ’Λκριόῶς
992 2781 1042 2861 γδρ
1059 2782 1114 2860 ᾔδει

340 2870 404 2928 διότι
416 2879 467 2934 τοῖς
484 2892 514 2943 γε
531 2871 560 2925 ἐκ
574 2872 619 2936 τῆς
635 2867 741 2944 γνησίας
760 2866 882 2946 θυγατρὸς
895 2869 971 2926 παισὶ
985 2870 1113 2945 γεγονόσιν

340 2957 461 3013 ἁπάντων
477 2960 527 3012 τῶν
541 2953 679 3031 παπαῴων
692 2954 849 3031 κληρονομία
862 2961 997 3033 προσήκει.
1048 2948 1113 3015 Eira

340 3044 412 3109 εἰδὼς
422 3042 453 3100 άν
461 3065 498 3107 τις
507 3048 589 3098 ταῦτα
601 3041 680 3119 ἑτέρῳ
689 3040 819 3118 παραδοίη
831 3040 864 3098 τδι
877 3045 966 3112 αὑτοῦ,
977 3042 1022 3100 καὶ
1031 3048 1113 3100 ταῦτα

307 3148 320 3184 o
340 3134 482 3201 τηλικαῦτα
494 3127 554 3185 ὄντα
567 3125 634 3183 icoo
645 3126 849 3205 ήμρισόήτησαν
863 3119 946 3198 ciram
976 3129 1020 3207 (ει)
1036 3134 1114 3187 Δοκεῖ

339 3217 361 3274 δ’
376 3216 406 3273 άν
426 3239 464 3281 τις
480 3215 540 3290 ὑμῖν
561 3212 640 3278 οίιτως
661 3211 767 3283 ἀναιδής
784 3209 801 3282 ἢ
819 3214 948 3294 τολμηρός
968 3216 1113 3284 εἰσποίητος

338 3302 471 3380 γενέσθαι,
482 3300 549 3358 ὥστε
561 3298 627 3376 μηδὲ
637 3299 666 3357 τδ
676 3299 782 3357 δέκατον
796 3299 872 3380 μέρος
883 3300 983 3366 ἐπιδοὺς
994 3304 1112 3360 ἐκδοῦναι

338 3396 371 3469 τῇ
385 3389 478 3468 γνησίᾳ
497 3387 603 3466 θυγατρί
615 3390 666 3444 τῶν
681 3386 825 3467 πατρῴων;
846 3391 994 3465 Γενομένων
1009 3390 1036 3447 δὲ
1050 3389 1112 3448 τοιί-

339 3500 389 3533 των
407 3477 476 3533 δοκεῖ
493 3474 524 3531 ἂν
541 3478 600 3549 ὑμῖν
619 3477 632 3530 δ
648 3474 713 3539 θεῖος
726 3474 878 3553 ἐπιτρέψαι,
896 3479 910 3532 δ
925 3478 1049 3550 ἐγγυῆσαι
1065 3500 1114 3552 με·

340 3560 511 3639 μαρτυρηκὼς
524 3563 601 3628 αὐτῆς
611 3558 659 3629 τήν
667 3559 767 3639 μητέρα
776 3582 784 3636 ;
793 3560 843 3637 ἐγὼ
854 3560 901 3634 μέν
909 3561 958 3639 γάρ
968 3563 996 3618 οὐ
1007 3562 1112 3637 νομίζω,

339 3648 407 3707 άλλθ
420 3648 465 3706 καί
481 3645 680 3725 ἦμρισθήιησεν
696 3647 726 3704 δν
744 3653 788 3705 τοῦ
802 3648 899 3725 κλήρου
917 3649 962 3705 καί
973 3649 1111 3726 διεμαρτιί·

340 3758 402 3815 ρησε
419 3735 463 3793 καί
478 3734 635 3811 εἰσήγγειλεν
654 3733 684 3791 ἂν
702 3734 764 3813 πρὸς
778 3735 821 3791 τὸν
839 3737 970 3813 ἄρχοντα,
990 3737 1035 3792 καί
1050 3737 1114 3793 άλλα

302 3846 326 3885 ια
339 3822 363 3880 εί
377 3847 402 3881 τι
422 3814 453 3893 ήν
474 3821 638 3900 ἰσχυρότερον
659 3820 768 3895 τούτων,
789 3822 882 3879 ἅπαντ’
897 3824 929 3880 ἂν
948 3824 1112 3901 διεπράξατο.

340 3911 385 3985 (sn)
400 3908 434 3969 Ὁ
448 3907 494 3982 μὲν
505 3907 588 3965 τοίνυν
602 3905 706 3970 Ἔνδιος
718 3910 751 3971 ὡς
763 3908 788 3973 ἐξ
802 3908 904 3986 ἑταίρας
919 3901 997 3966 οὖσαν
1009 3908 1113 3984 ἐνεγύη-

339 4019 392 4067 σεν,
410 3996 441 4066 ἥν
456 4016 533 4074 φησιν
549 3996 687 4073 ἀδελριδῆν
703 3994 849 4070 Νικόδημος
861 3987 925 4052 εἰναι
939 3999 1025 4071 αὑτῷ·
1042 3987 1114 4061 οὗτος

343 4083 370 4140 δὲ
385 4082 443 4140 οὔτε
457 4084 494 4157 τῷ
506 4080 602 4159 Ἐνδίῳ
621 4086 666 4137 τοῦ
686 4080 788 4157 Πύρρου
803 4081 899 4159 κλήρου
916 4081 1113 4160 ἀμρισδητῆσαι

343 4169 459 4239 ἠξίωσεν,
473 4167 527 4225 οὔτ’
543 4166 704 4241 ἐγγυήσαντα
723 4166 770 4235 τήν
790 4170 927 4245 ἀδελριδῆν
947 4172 980 4232 ὡς
994 4159 1073 4225 οὖσαν
1088 4168 1113 4235 ἐξ

339 4256 442 4333 ίταίρας
452 4254 611 4330 εἰσαγγεῖλαι
626 4252 688 4331 πρὸς
698 4250 740 4309 τὸν
753 4252 865 4331 ἄρχοντα
878 4253 997 4326 ἠξίωσεν,
1009 4254 1060 4312 οὔτ’
1071 4255 1114 4312 ἐπὶ

338 4347 371 4421 τῇ
387 4341 487 4418 δοθείσῃ
497 4338 585 4417 προικί
595 4340 661 4412 αὐτῇ
671 4337 851 4412 ἠγανάκτησεν
860 4340 940 4410 οὐδέν,
950 4341 1017 4397 ἀλλὰ
1027 4342 1112 4397 πάντα

339 4435 421 4487 ταῦτα
443 4427 514 4485 εἰασε
535 4425 663 4503 γενέσθαι.
705 4427 740 4482 Οἱ
764 4423 791 4482 δί
813 4424 887 4502 νόμοι
911 4425 970 4503 περὶ
992 4426 1112 4484 ἁπάντων

301 4537 326 4577 ts
339 4517 474 4596 διορίζουσι
487 4513 594 4573 τούτων.
624 4509 667 4588 (aa)
677 4511 867 4588 Ἀναγνώσεται
878 4504 921 4570 οὖν
935 4517 1037 4590 πρῶτον
1052 4518 1112 4589 ὑμῖν

338 4602 384 4674 τήν
395 4602 454 4682 περί
465 4606 510 4673 τῆς
523 4598 686 4664 ἰπιδικασίας
699 4604 743 4656 τοῦ
755 4598 851 4676 κλήρου
866 4599 1010 4677 μαρτυρίαν
1024 4602 1113 4670 πάλιν,

338 4691 427 4749 ίπειτα
442 4689 487 4758 τήν
502 4688 620 4767 περὶτῆς
634 4686 779 4764 ίγγυήσεως
789 4690 835 4757 τῆς
849 4686 978 4762 γυναικός.
1011 4685 1112 4762 Ἀναγί-

338 4800 420 4835 νωσκε
433 4779 527 4842 αὐτοῖς.

635 4902 818 4951 ΜΑΡΓΥΡΙᾸῘ.

378 5011 516 5089 Ἀνάγνωθι
528 5010 559 5082 δὴ
574 5010 619 5069 καί
631 5010 690 5076 τοὺς
702 5009 805 5084 νόμους.

665 5147 781 5192 ΝΟΜΟΙ.

378 5258 452 5320 tati
466 5258 498 5329 δή
509 5259 553 5317 καί
563 5258 609 5332 τήν
625 5260 715 5318 τούτου
728 5258 884 5339 μαρτυρίαν.

766 657 898 717 litlot
918 658 943 716 0
964 655 1054 716 nutu
1074 656 1152 715 ΤΟΥ
1173 656 1325 719 uiuent
1345 659 1510 722 stupor.

1816 671 1930 748 (Ηί

1157 782 1255 833 tiatores
1265 784 1422 845 abstulerint,
1433 799 1512 848 nequa
1529 786 1643 849 mortuina
1658 788 1791 841 animatur
1801 805 1881 857 nequa
1895 808 1931 846 ιι·

1159 864 1306 909 crementum
1317 862 1460 924 deponitur;
1474 862 1516 911 aed
1526 865 1601 913 actori
1610 865 1726 928 quidem,
1738 870 1879 933 quicunque
1887 885 1933 921 cass

1158 938 1225 998 ruit,
1240 938 1291 987 sine
1307 940 1357 987 rutto
1372 939 1479 1001 pericuto
1488 939 1644 990 denuntiandi
1656 946 1824 1008 potestasest,
1834 959 1887 997 roos
1896 960 1933 996 uu·

1158 1015 1207 1060 tem
1228 1014 1398 1064 condemnatos
1413 1018 1529 1065 extremm
1547 1020 1646 1067 manent
1657 1031 1737 1080 poenae
1756 1022 1783 1070 in
1800 1023 1932 1085 hujusmodi

1159 1093 1236 1141 causis
1252 1094 1403 1155 praescriptae.
1423 1096 1472 1156 (itt)
1483 1097 1536 1143 tam
1546 1095 1618 1156 igitur
1633 1097 1653 1145 si
1663 1110 1678 1147 e
1688 1095 1796 1159 legitima
1809 1113 1885 1150 uxore
1894 1115 1932 1151 na·

1159 1169 1206 1229 ptis
1215 1169 1286 1230 trojus
1295 1174 1404 1231 suscepta
1418 1174 1492 1230 esset,
1504 1184 1562 1220 num
1573 1185 1686 1233 passurus
1700 1175 1932 1228 uicodonostuiaet

1159 1258 1212 1293 eanr
1221 1248 1289 1307 quasi
1298 1260 1312 1295 e
1323 1246 1448 1296 meretrice
1457 1251 1539 1295 uatum
1545 1247 1703 1310 desponderi?
1711 1254 1743 1300 Et
1752 1253 1773 1301 si
1781 1258 1837 1302 acta
1847 1255 1932 1315 rusiam

1159 1328 1236 1383 esset,
1246 1338 1325 1373 nonne
1333 1325 1396 1386 apud
1407 1326 1546 1375 archontem
1557 1327 1677 1376 actionem
1690 1330 1835 1381 instituisset
1843 1332 1873 1382 de
1882 1334 1933 1394 iuiu-

1160 1402 1208 1461 rin,
1219 1416 1291 1463 quarn
1302 1404 1397 1465 mulier,
1415 1406 1484 1452 unica
1500 1407 1654 1466 paternorum
1664 1406 1735 1456 heres
1748 1409 1883 1471 bonorum,
1898 1425 1934 1461 ac·

1160 1480 1258 1539 cepisset
1271 1480 1301 1527 ab
1312 1481 1358 1529 isto
1367 1494 1419 1529 eam
1432 1481 1503 1530 modo
1510 1480 1687 1544 despondente?
1697 1488 1773 1534 Porro
1781 1499 1841 1536 vera
1851 1490 1870 1537 si
1881 1490 1932 1539 inia-

1160 1559 1213 1605 seut
1225 1557 1281 1618 ista,
1295 1570 1350 1618 quaa
1361 1562 1387 1605 tu
1399 1570 1463 1605 nunc
1477 1570 1549 1607 ausus
1560 1573 1585 1607 es
1597 1572 1641 1621 pro
1655 1562 1793 1611 ίεεῖῖιιιοιιῖο
1805 1564 1931 1626 affirmas,

1160 1638 1241 1695 utrum
1258 1637 1358 1682 tutuno
1374 1636 1470 1695 statim,
1489 1641 1584 1686 recente
1601 1638 1682 1687 adhuc
1697 1639 1800 1703 injuria,
1817 1647 1932 1693 auctoron

1160 1713 1211 1773 ejus
1222 1713 1300 1761 uttum
1313 1713 1385 1773 isses,
1395 1726 1425 1761 an
1436 1714 1507 1762 etiam
1521 1715 1567 1763 ista
1577 1715 1683 1764 Endium
1697 1717 1748 1766 aies
1757 1719 1821 1767 clam
1831 1725 1855 1769 ct
1866 1721 1932 1770 inscio

1159 1792 1184 1838 te
1193 1792 1312 1851 patrasse?
1321 1796 1405 1839 Annon
1414 1803 1445 1838 ex
1456 1791 1506 1852 ipsa
1518 1791 1587 1852 dote,
1600 1806 1675 1855 quam
1690 1794 1783 1844 Eudios
1794 1798 1931 1858 spuriesun

1160 1868 1235 1916 sorori
1255 1867 1370 1928 addebat,
1392 1882 1443 1917 rem
1460 1868 1613 1918 odorabaris?
1631 1872 1681 1931 (49)
1701 1873 1831 1923 vetuisses
1845 1880 1931 1937 proptor

1160 1944 1206 1992 hoc
1216 1945 1291 2005 ipsum
1303 1948 1417 2007 concepta
1426 1944 1587 2005 indignatione
1604 1945 1710 1995 Endium
1721 1948 1785 2010 apud
1799 1952 1930 2001 mctrontanu

1160 2022 1315 2081 denuntiare,
1336 2022 1424 2083 stipae
1445 2021 1542 2083 quidem
1560 2021 1721 2072 substantiam
1747 2026 1827 2076 trihus
1844 2027 1931 2078 talentis

1159 2096 1352 2158 mquiparabitem
1361 2097 1481 2159 possidere
1497 2099 1643 2159 postularet,
1655 2098 1732 2151 trtiarn
1745 2115 1805 2152 vero
1820 2107 1891 2167 petris
1898 2107 1930 2155 sut

1160 2172 1264 2234 adoptivi
1277 2173 1404 2234 tegitimam
1418 2174 1458 2223 atii
1474 2174 1575 2236 cuipiam
1591 2187 1647 2224 cum
1662 2176 1747 2226 addita
1759 2179 1817 2229 dote
1826 2186 1862 2230 ter
1873 2183 1929 2232 mitta

1159 2249 1326 2299 drachmarum
1336 2252 1485 2300 solummodo
1497 2252 1634 2301 etosaudam
1644 2259 1761 2305 censeret.
1795 2261 1827 2307 nt
1842 2260 1928 2309 n'iooda

1160 2339 1213 2376 mus
1225 2328 1271 2375 troc
1282 2341 1352 2390 ecquo
1365 2329 1456 2377 tulisset
1466 2330 1561 2377 animo?
1573 2342 1620 2378 nou
1629 2331 1735 2380 Endium
1744 2333 1882 2386 detuihsett
1892 2340 1929 2386 sa·

1160 2403 1229 2452 sisset
1240 2405 1361 2465 protecto,
1375 2406 1409 2454 ita
1418 2418 1456 2454 rne
1469 2405 1528 2454 deus
1538 2408 1618 2466 amet,
1627 2408 1661 2468 si,
1679 2409 1748 2472 quod
1756 2410 1805 2472 nit,
1821 2412 1928 2462 remuniri

1159 2481 1249 2530 suisset.
1262 2489 1311 2540 (ευ)
1324 2482 1406 2539 Quid?
1419 2482 1484 2544 quod
1493 2495 1523 2531 ne
1539 2482 1634 2532 ridetur
1644 2485 1744 2545 quidem
1759 2488 1819 2537 mitat
1833 2502 1927 2552 uuonan

1159 2571 1237 2619 neque
1247 2558 1336 2607 Endma
1349 2572 1427 2620 neque
1436 2560 1499 2607 uitus
1515 2559 1576 2608 atius
1583 2559 1646 2609 titius
1653 2560 1785 2623 adoptatus
1795 2568 1845 2614 tam
1856 2566 1927 2615 urdo

1160 2637 1285 2699 legumque
1299 2641 1448 2699 contemptor
1468 2638 1539 2687 tuisse
1558 2639 1582 2686 in
1601 2652 1651 2701 rep.
1668 2640 1925 2705 numennumen

1160 2721 1225 2775 pater
1237 2714 1362 2775 adoptivus
1373 2728 1420 2763 uua
1432 2728 1489 2764 oum
1504 2714 1636 2765 hereditate
1645 2716 1720 2766 illlam
1732 2718 1864 2781 reliquisset
1877 2722 1924 2784 ispi-

1160 2791 1217 2839 tinre
1228 2797 1323 2850 nartmn,
1339 2804 1387 2839 non
1403 2792 1452 2853 ipse
1463 2805 1514 2840 eam
1532 2791 1632 2840 domum
1644 2792 1745 2843 duceret
1750 2831 1759 2856 ,
1769 2796 1813 2845 sed
1827 2798 1865 2847 atii
1880 2799 1923 2847 σοῖ-

1159 2869 1222 2929 piam
1236 2868 1321 2930 nuptui
1330 2870 1441 2917 ctocaret.
1474 2868 1550 2917 Probe
1559 2869 1922 2923 enimnoratundioatiueromn

1158 2945 1189 2992 atr
1198 2945 1353 3005 titiategitima
1363 2948 1540 3005 procreatorum
1548 2944 1685 2995 universam
1692 2947 1823 3009 nimnando
1831 2951 1921 3000 iuuuan

1158 3034 1209 3069 csse
1225 3022 1314 3069 avitam
1332 3021 1496 3069 hereditatem.
1512 3024 1579 3071 itane
1590 3035 1647 3070 vero
1665 3024 1797 3086 quisquam
1815 3028 1882 3088 unja
1896 3029 1920 3077 rai

1157 3109 1256 3157 guarus,
1270 3096 1310 3144 atii
1326 3096 1439 3156 cuiquam
1451 3095 1512 3143 bona
1528 3109 1571 3144 sus
1582 3097 1658 3145 sciens
1672 3098 1794 3161 traderet,
1806 3105 1919 3164 poem

1159 3169 1209 3215 tam
1219 3166 1310 3226 empta,
1320 3168 1393 3226 atque
1403 3165 1455 3213 lnce
1464 3167 1520 3213 suut
1527 3165 1591 3214 bona
1604 3179 1675 3229 super
1684 3168 1774 3231 quibus
1782 3170 1918 3222 liiuobisoun

1158 3241 1326 3290 contendunt?
1344 3240 1393 3300 (ει)
1413 3239 1545 3289 videturne
1563 3241 1633 3289 vobis
1649 3240 1714 3291 utlus
1730 3242 1795 3293 titius
1810 3246 1917 3310 adoptator

1157 3320 1208 3365 tam
1219 3317 1268 3365 iore
1282 3314 1419 3377 impudens,
1431 3318 1458 3364 ut
1467 3315 1541 3363 titiam
1554 3316 1592 3364 aui
1604 3317 1679 3378 patris
1689 3317 1820 3379 legitimam
1835 3323 1916 3373 uuas

1158 3394 1223 3437 caret
1232 3404 1287 3439 cnm
1297 3392 1353 3438 dota
1362 3405 1392 3439 ne
1402 3390 1518 3440 decimam
1530 3392 1629 3454 quidem
1643 3399 1736 3455 partem
1750 3401 1853 3458 paterna)
1862 3400 1914 3449 hoa·

1157 3463 1238 3517 ditatis
1247 3471 1404 3529 exsequente?
1414 3471 1475 3530 Aut,
1492 3469 1512 3518 si
1526 3468 1615 3518 tactum
1627 3474 1710 3521 tuneo
1723 3472 1748 3521 id
1757 3473 1836 3527 fuisset
1843 3513 1851 3538 ,
1863 3476 1913 3525 riis·

1157 3546 1227 3591 turne
1236 3543 1302 3592 uobis
1313 3543 1376 3591 iltius
1385 3543 1491 3592 mulieris
1499 3545 1634 3594 avunculus
1642 3545 1725 3597 idticri
1733 3563 1844 3612 ριαιυταε
1852 3552 1912 3609 toas

1158 3619 1229 3679 isqui
1239 3621 1340 3666 matrem
1352 3619 1438 3680 puellm
1445 3617 1594 3681 damnatae
1604 3625 1766 3674 ussermauit?
1773 3627 1828 3676 uini
1835 3627 1911 3687 quun

1157 3695 1301 3743 nicodemus
1311 3708 1357 3744 uon
1369 3694 1465 3745 ridetur
1473 3709 1544 3757 aequo
1559 3696 1585 3745 id
1595 3698 1676 3745 animo
1687 3696 1796 3759 taturus,
1805 3699 1844 3748 ssd
1852 3700 1910 3762 potius

1158 3773 1334 3821 contentionem
1348 3787 1418 3834 super
1429 3773 1561 3822 hereditate
1572 3787 1704 3823 exorsurus
1717 3779 1743 3825 et
1753 3776 1908 3826 obtestatioucn

1158 3851 1339 3911 interposituros
1348 3855 1372 3898 et
1381 3851 1583 3900 indicaturusrem
1593 3852 1717 3913 archonti,
1725 3857 1763 3914 et,
1771 3856 1832 3904 atiud
1840 3855 1911 3916 εῖηνιιί

1158 3928 1310 3987 superfuisset
1320 3928 1396 3975 tetum
1405 3927 1485 3975 adtruc
1500 3928 1591 3988 acrius,
1601 3940 1631 3976 eo
1645 3941 1734 3978 uaurrua
1749 3932 1818 3981 tuine
1828 3932 1906 3981 videtu.

1160 4003 1208 4062 (οε)
1226 4004 1281 4050 Jam
1301 4001 1391 4050 Eudios
1409 4002 1506 4062 quidem
1530 4002 1670 4064 mutierem,
1698 4016 1773 4065 quam
1791 4005 1907 4057 trinodem

1158 4092 1263 4127 caorore
1276 4078 1414 4138 ostenuit,
1427 4082 1455 4126 ut
1470 4080 1616 4129 emmetrica
1624 4084 1763 4143 susceptam
1774 4080 1906 4142 elocaritfflt

1158 4159 1300 4209 tticodemus
1317 4160 1397 4206 autem
1410 4171 1488 4219 neque
1503 4171 1559 4207 cum
1572 4158 1649 4208 lindio
1658 4158 1689 4208 de
1706 4162 1790 4222 Pyrrhi
1801 4160 1906 4212 hodius

1158 4238 1301 4287 contendere
1310 4250 1383 4286 ausus
1395 4240 1431 4285 est
1440 4250 1518 4299 neque
1531 4237 1634 4287 Endium
1648 4239 1713 4301 apud
1721 4237 1905 4291 urcuooterudb·

1158 4317 1257 4366 rendum
1271 4316 1376 4377 censuit,
1389 4328 1526 4378 quanquam
1536 4315 1556 4364 is
1565 4315 1688 4365 Nicoderni
1698 4321 1791 4380 neptem
1800 4331 1839 4381 pro
1846 4312 1904 4379 aptus

1158 4407 1171 4441 e
1185 4396 1263 4441 scorto
1274 4394 1329 4439 nata
1338 4391 1465 4450 siccasset,
1477 4403 1555 4453 neque
1563 4389 1626 4439 dotis
1635 4390 1824 4442 mediocritatem
1832 4398 1903 4454 opst·

1158 4471 1219 4518 terre
1232 4467 1387 4529 significavit,
1401 4466 1442 4515 sed
1452 4465 1492 4514 iila
1508 4465 1587 4514 omnia
1600 4464 1650 4514 tisri
1666 4478 1739 4529 nouo
1755 4468 1830 4517 nnlmo
1844 4473 1903 4529 pss

1158 4553 1202 4599 est.
1245 4548 1315 4609 Atqui
1339 4548 1400 4607 teges
1419 4545 1449 4594 de
1467 4546 1504 4594 his
1528 4544 1639 4594 omnibus
1657 4545 1782 4609 diiigenter
1804 4545 1901 4597 dotatum

1160 4626 1208 4686 (53)
1225 4623 1341 4673 Recitabit
1348 4622 1397 4682 jam
1407 4620 1484 4669 scriba
1495 4620 1564 4669 robis
1573 4620 1650 4683 primo
1659 4621 1758 4683 quidem
1775 4622 1824 4671 Ιοαο
1837 4621 1901 4669 tero

1157 4701 1321 4751 testimonium
1335 4697 1365 4746 de
1374 4696 1512 4746 hereditatis
1526 4695 1721 4758 adjudicatione,
1730 4696 1813 4748 umus
1826 4689 1900 4744 titt&

1158 4779 1263 4829 mulieris
1272 4776 1413 4827 siccatione.
1444 4774 1528 4824 Recita
1538 4775 1565 4820 tu
1575 4772 1640 4834 ipsis.

1447 4900 1644 4943 TESTIMONIA.

1158 5016 1239 5067 Recita
1248 5016 1310 5077 teges
1318 5024 1422 5076 quoque.

1493 5143 1595 5186 Lunna.

1188 5268 1251 5327 cape
1260 5264 1310 5324 jann
1320 5263 1365 5311 hoc
1375 5260 1445 5322 trujus
1454 5271 1551 5323 quoque
1559 5256 1704 5323 [utaacemt]
1713 5254 1861 5309 teat'unontun.
