4467 6542
673 726 785 776 220

1512 713 2000 774 ῙΣΟΚΡΑΤΟΥΣ
2041 717 2090 774 Ο
2137 715 2319 773 ΠΕΡΙ
2363 715 2876 774 ΑΝΤΙΔΟΣΕΩΣ.

662 843 888 915 νήσωσιν
916 839 1277 914 ἀπολλύουσιν,
1298 842 1361 913 ἤν
1395 864 1493 920 περ
1522 843 1794 913 δυνηθῶσι.
1880 843 1999 921 (113)
2024 845 2209 904 Ταῦτα
2255 850 2263 876 ¹
2309 852 2436 913 (143)
2479 853 2602 909 Quoe
2624 864 2773 914 quum
2809 852 2979 914 agant,
3003 863 3098 900 non
3139 851 3362 914 ignorant
3396 851 3552 913 qualia
3578 865 3630 900 ea
3657 854 3736 902 sint
3762 856 3804 903 de

663 931 718 991 δὲ
753 933 970 1012 δρῶντες
1001 931 1095 990 οὐκ
1122 931 1362 1007 ἀγνοοῦσι
1390 929 1507 1008 περὶ
1528 920 1600 987 ὧν
1627 928 1722 1001 τὴν
1760 934 1931 1011 ψῆφον
1965 930 2212 1007 οἴσουσιν,

663 1021 783 1078 ἀλλ’
814 1018 1078 1089 ἀδικήσειν
1103 1016 1196 1094 μὲν
1225 1015 1538 1095 ἐλπίζοντες,
1566 1017 1882 1097 ὀφθήσεσθαι
1911 1020 1954 1077 δ’
1979 1020 2037 1076 οὗ
2060 1041 2215 1099 προσ-

664 1107 927 1173 δοκῶντες·
956 1105 1197 1174 σώζοντες
1218 1099 1306 1164 οὗν
1327 1103 1443 1171 τοὺς
1465 1104 1670 1181 ὁμοίους
1690 1106 1862 1187 σφίσιν
1890 1108 2063 1172 αὐτοῖς
2090 1110 2216 1184 βοη-

586 1216 613 1255 5
664 1196 768 1253 θεῖν
809 1194 1087 1271 νομίζουσι.
1168 1191 1371 1253 Τούτου
1412 1194 1456 1251 δ’
1488 1191 1642 1251 ἕνεκά
1680 1216 1762 1252 σοι
1787 1198 1954 1251 ταῦτα
1983 1188 2215 1267 διῆλθον,

663 1280 751 1339 ἵνα
778 1280 1027 1360 προειδὼς
1055 1280 1266 1358 ἄμεινον
1295 1278 1562 1361 προσφέρῃ
1592 1282 1681 1339 καὶ
1708 1284 1814 1347 τοῖς
1844 1282 2011 1358 λόγοις
2040 1282 2216 1360 ἀσφα-

664 1367 922 1448 λεστέροις
947 1373 1051 1447 χρῇ
1070 1368 1199 1447 πρὸς
1225 1365 1410 1434 αὐτούς
1425 1411 1441 1439 ,
1470 1367 1583 1425 ἐπεὶ
1610 1373 1698 1426 νῦν
1725 1391 1784 1445 γε
1805 1368 1919 1426 τίνα
1934 1367 2038 1448 χρὴ
2059 1390 2218 1446 προσ-

665 1457 820 1513 δοκᾶν
848 1451 1060 1531 γνώμην
1088 1454 1214 1523 ἕξειν
1250 1452 1367 1521 τοὺς
1398 1453 1687 1526 τοιούτους,
1733 1454 1856 1513 ὅταν
1884 1454 1970 1512 τόν
2006 1477 2063 1512 τε
2100 1454 2210 1532 βίον
2260 1488 2262 1498 ·

2261 1556 2262 1562 =
2310 1534 2360 1581 et
2377 1532 2595 1581 instituta
2607 1546 2854 1583 recenseas
2873 1532 3004 1583 nullo
3022 1532 3168 1582 modo
3191 1532 3424 1583 institutis
3442 1533 3610 1582 borum
3629 1546 3814 1595 congrua,

664 1540 752 1599 τὸν
788 1547 977 1599 σαυτοῦ
1006 1542 1096 1599 καὶ
1120 1540 1213 1607 τὰς
1244 1540 1453 1621 πράξεις
1489 1540 1673 1620 διεξίῃς
1702 1540 1836 1619 μηδὲ
1866 1541 2007 1599 κατὰ
2036 1540 2218 1621 μικρὸν

588 1650 639 1689 10
664 1628 845 1704 ὁμοίας
862 1628 1016 1696 οὔσας
1034 1630 1146 1696 ταῖς
1162 1628 1375 1701 τούτων,
1396 1630 1513 1687 ἀλλ’
1533 1627 1646 1695 οἵας
1668 1652 1765 1710 περ
1791 1628 1918 1709 πρὸς
1937 1627 2029 1706 ἐμὲ
2055 1628 2219 1706 λέγειν

665 1718 978 1796 ἐπιχειρεῖς;
1009 1715 1126 1796 (us)
1157 1715 1456 1796 ἀποφαίνεις
1481 1714 1583 1795 γὰρ
1605 1715 1723 1783 τούς
1747 1739 1804 1774 τε
1825 1715 2006 1793 λόγους
2025 1714 2110 1782 οὒς
2135 1718 2220 1794 γέ-

664 1825 866 1883 γραφας
894 1805 951 1862 οὗ
982 1804 1227 1885 μέμψεως
1255 1801 1388 1861 ἀλλὰ
1416 1802 1628 1882 χάριτος
1654 1806 1747 1874 τῆς
1778 1802 2027 1881 μεγίστης
2054 1800 2221 1870 ἀξίους

664 1892 845 1964 ὄντας,
865 1894 966 1949 τῶν
1007 1914 1066 1949 τε
1092 1890 1527 1962 πεπλησιακότων
1557 1912 1637 1949 σοι
1663 1888 1781 1957 τοὺς
1805 1889 1899 1965 μὲν
1932 1888 2076 1947 οὐδὲν
2106 1892 2219 1960 ἠδι-

665 1978 889 2049 κηκότας
910 1979 1016 2037 οὐδ’
1042 1976 1444 2058 ἡμαρτηκότας,
1467 1975 1585 2043 τοὺς
1609 1977 1662 2035 δὲ
1691 1977 1754 2034 δι’
1779 1976 1968 2057 ἀρετὴν
1994 1976 2097 2035 ὑπὸ
2123 1980 2216 2046 τῆς

584 2082 635 2121 15
664 2066 863 2132 πόλεως
895 2064 1371 2148 ἐστεφανωμένους,
1406 2064 1474 2123 τοί
1500 2087 1557 2123 τε
1588 2068 1704 2123 καθ’
1731 2063 1932 2143 ἡμέραν
1957 2061 2092 2122 οὕτω
2132 2086 2220 2123 κο·

666 2154 834 2230 σμίως
864 2153 955 2212 καὶ
983 2153 1309 2232 τεταγμένως
1349 2151 1639 2232 βεὸιωκότα
1676 2151 1864 2211 σαυτὸν
1900 2155 1971 2218 ὡς
2006 2154 2099 2210 οὐκ
2125 2142 2220 2210 οἶδ’

668 2240 717 2298 εἴ
748 2264 824 2307 τις
859 2241 1014 2307 ἄλλος
1045 2244 1148 2300 τῶν
1188 2242 1434 2312 πολιτῶν,
1476 2238 1553 2297 ἔτι
1589 2238 1640 2298 δὲ
1685 2238 1818 2316 μήτε
1856 2238 2220 2316 δεδικασμένον

668 2327 852 2403 μηδενὶ
892 2327 1025 2405 μήτε
1067 2327 1360 2409 πεφευγότα
1397 2325 1535 2397 πλὴν
1571 2326 1690 2405 περὶ
1733 2325 2067 2398 ἀντιδόσεως,
2098 2325 2220 2403 μήθ’

668 2414 858 2493 ἑτέροις
909 2413 1352 2491 συνηγωνισμένον
1404 2412 1536 2490 μήτε
1582 2412 2019 2494 μεμαρτυρηκότα
2037 2457 2053 2484 ,
2098 2410 2221 2488 μήτ’

585 2517 640 2555 2⁰
668 2500 794 2560 ἄλλο
814 2502 1137 2573 πεποιηκότα
1157 2501 1337 2578 μηδέν,
1356 2503 1409 2559 ἐν
1429 2492 1501 2568 οἷς
1519 2499 1746 2567 ἅπαντες
1765 2504 1811 2560 οἱ
1831 2498 2220 2576 πολιτευόμενοι

667 2587 1002 2668 τυγχάνουσι.
1092 2591 1207 2665 (145)
1240 2588 1382 2669 Πρὸς
1418 2587 1472 2646 δὲ
1508 2587 1705 2655 τούτοις
1731 2587 1893 2655 οὕτως
1929 2587 2073 2655 ἰδίοις
2108 2578 2221 2645 οὖσι

668 2764 770 2821 τῶν
796 2764 1030 2844 ὠφελιῶν
1058 2767 1159 2821 τῶν
1193 2765 1421 2822 ἐντεῦθεν
1452 2763 1766 2840 γιγνομένων
1791 2763 1882 2821 καὶ
1913 2766 2015 2820 τῶν
2051 2762 2223 2822 ἄλλων

670 2849 915 2909 ἁπάντων
942 2854 1044 2908 τῶν
1073 2853 1257 2909 κοινῶν
1286 2848 1591 2921 ἐξέστηκας,
1620 2851 1691 2915 εἷς
1713 2847 1769 2907 δὲ
1791 2847 1909 2915 τοὺς
1936 2848 2225 2917 διακοσίους

571 2954 639 3008 ο211
668 2937 756 2996 καὶ
777 2936 971 3018 χιλίους
987 2936 1104 3004 τοὺς
1118 2936 1443 3018 εἰσφέροντας
1461 2936 1549 2995 καὶ
1562 2938 1980 3017 λειτουργοῦντας
1994 2939 2052 2995 οὗ
2070 2936 2222 3012 μόνον

671 3023 825 3084 αὑτὸν
865 3025 1140 3105 παρέχεις,
1165 3024 1302 3084 ἀλλὰ
1324 3024 1414 3083 καὶ
1445 3023 1533 3083 τὸν
1575 3023 1702 3099 υἱόν,
1740 3024 1829 3083 καὶ
1854 3023 1963 3105 τρὶς
1996 3024 2089 3101 μὲν
2124 3025 2222 3099 ἤδη

669 3114 1177 3194 τετριηραρχήκατε,
1211 3112 1304 3180 τὰς
1343 3112 1390 3171 δ’
1418 3112 1581 3181 ἄλλοις
1611 3110 1929 3195 λειτουργίας
1957 3112 2227 3178 πολυτελέ-

671 3225 851 3283 στερον
876 3201 1335 3282 λελειτουργήκατε
1357 3202 1447 3261 καὶ
1475 3202 1687 3261 κάλλιον
1719 3196 1791 3261 ὧν
1818 3207 1864 3262 οἱ
1884 3203 2031 3281 νόμοι
2058 3227 2224 3284 προσ-

669 3290 932 3351 τάττουσι.
1038 3292 1153 3368 (118)
1173 3290 1341 3351 Ταῦτ’
1362 3289 1641 3357 ἀκούοντας
1661 3289 1790 3356 τοὺς
1808 3291 2056 3349 τάναντία
2093 3301 2225 3350 πᾶσι

578 3395 647 3437 v30
674 3386 781 3445 τοῖς
821 3376 1212 3458 προειρημένοις
1252 3377 1710 3449 ἐπιτετηδευκότας
1751 3380 1846 3437 οὐκ
1890 3379 1983 3437 οἴει
2030 3379 2227 3458 βαρέως

672 3466 826 3524 οἴσειν
867 3465 958 3525 καὶ
993 3467 1187 3542 νομιεῖν
1222 3466 1529 3545 ἐλέγχεσθαι
1569 3465 1655 3523 τὸν
1701 3465 1808 3543 βίον
1837 3466 1926 3524 τὸν
1957 3470 2125 3525 αὑτῶν
2166 3469 2225 3526 οὗ

673 3554 947 3612 σπουδαῖον
969 3553 1124 3627 ὄντα,
1148 3553 1239 3612 καὶ
1269 3553 1370 3633 γὰρ
1395 3556 1440 3611 εἰ
1466 3552 1558 3631 μὲν
1584 3552 1717 3629 μετὰ
1740 3552 2012 3613 πόνουὶκαὶ
2035 3557 2223 3613 ταλαι-

671 3640 870 3719 πωρίας
892 3640 1176 3720 ᾐσθάνοντό
1198 3664 1257 3699 σε
1279 3640 1612 3720 ποριζόμενον
1636 3640 1705 3706 εἴς
1725 3663 1781 3699 τε
1797 3640 1888 3707 τὰς
1905 3643 2226 3721 λειτουργίας

673 3728 761 3784 καὶ
796 3728 917 3807 περὶ
949 3727 1044 3799 τὴν
1079 3726 1240 3799 ἄλλην
1280 3727 1550 3800 διοίκησιν,
1592 3727 1686 3785 οὒκ
1723 3725 1786 3784 ἂν
1822 3725 2009 3802 ὁμοίως
2043 3726 2225 3805 ἔμελεν

593 3838 645 3875 ss
673 3815 866 3880 αὐτοῖς·
886 3820 972 3873 νῦν
996 3813 1049 3873 δὲ
1073 3813 1141 3872 τά
1161 3837 1217 3874 τε
1235 3815 1380 3895 παρὰ
1399 3818 1502 3874 τῶν
1522 3813 1674 3883 ξένων
1694 3836 1775 3872 σοι
1795 3813 2071 3892 γιγνόμενα
2090 3814 2224 3874 πολὺ

673 3901 840 3961 πλείω
865 3903 1154 3980 νομίζουσιν
1176 3894 1303 3961 εἶναι
1326 3906 1428 3961 τῶν
1450 3902 1745 3980 διδομένων,
1776 3906 1889 3979 (147)
1913 3902 2065 3960 αὐτόν
2088 3926 2145 3961 τε
2169 3902 2226 3963 σὲ

675 3989 1018 4070 ῥαθυμότερον
1052 3994 1300 4068 ἡγοῦνται
1327 3994 1418 4062 ζῆν
1443 3992 1499 4048 οὐ
1535 3988 1688 4067 μόνον
1715 3992 1818 4048 τῶν
1852 3989 2049 4065 ἄλλων,
2089 3988 2226 4048 ἀλλὰ

673 4076 764 4135 καὶ
800 4080 902 4134 τῶν
934 4077 1054 4155 περὶ
1080 4076 1175 4147 τὴν
1199 4076 1504 4157 φιλοσοφίαν
1540 4076 1631 4135 καὶ
1659 4075 1753 4146 τὴν
1787 4076 1949 4147 αὐτήν
1974 4098 2055 4133 σοι
2081 4098 2223 4155 πρα-

672 4163 927 4240 γματείαν
956 4164 1133 4223 ὄντων.
1216 4164 1414 4242 Ὁρῶσι
1440 4164 1541 4243 γὰρ
1568 4162 1774 4223 ἐκείνων
1799 4165 1892 4239 μὲν
1926 4162 2042 4229 τοὺς
2072 4163 2227 4221 πλεί-

591 4265 647 4331 ⁴.⁰
675 4274 855 4323 στους,
884 4251 1021 4323 πλὴν
1048 4255 1151 4309 τῶν
1174 4249 1261 4309 τὸν
1293 4250 1381 4309 σὸν
1417 4251 1525 4328 βίον
1549 4252 1640 4309 καὶ
1670 4252 1757 4309 τὸν
1785 4251 1972 4330 τρόπον
2008 4254 2225 4329 ἠγαπη-

674 4338 855 4410 κότων,
885 4339 936 4397 ἔν
959 4362 1015 4398 τε
1039 4346 1153 4404 ταῖς
1180 4336 1501 4417 πανηγύρεσι
1530 4338 1621 4395 καὶ
1647 4346 1753 4403 τοῖς
1786 4338 1929 4403 ἰδίοις
1962 4338 2228 4415 συλλόγοις

676 4427 939 4494 ἐπιδείξεις
958 4424 1311 4501 ποιουμένους,
1335 4423 1786 4501 διαγωνιζομένους
1807 4423 1935 4504 πρὸς
1954 4425 2227 4497 ἀλλήλους,

676 4517 791 4571 καθ’
823 4512 1114 4592 ὓπερὸολὴν
1143 4510 1584 4590 ὑπισχνουμένους
1602 4556 1618 4583 ,
1646 4512 1935 4591 ἐρίζοντας,
1961 4513 2226 4591 λοιδορου-
2267 4528 2271 4548 ¹¹

677 4599 888 4677 μένους,
926 4598 1070 4659 οὐδὲν
1112 4600 1486 4664 ἀπολείποντας
1525 4601 1725 4676 κακῶν,
1756 4600 1877 4677 (ns)
1912 4598 2046 4656 ἀλλὰ
2085 4599 2229 4679 σφίσι

601 4709 655 4748 45
676 4687 770 4764 μὲν
793 4691 965 4753 αὐτοῖς
995 4681 1282 4766 πράγματα
1304 4685 1633 4765 παρέχοντας
1647 4734 1663 4765 ,
1683 4691 1797 4752 τοῖς·
1809 4688 1855 4744 δ’
1885 4688 2230 4766 ἀκροωμένοις

651 4804 654 4806 ·
678 4775 912 4843 ἐξουσίαν
932 4775 1309 4855 παραδιδόντας
1327 4783 1431 4841 τοῖς
1458 4776 1551 4852 μὲν
1576 4774 1935 4852 καταγελάσαι
1962 4778 2063 4834 τῶν
2086 4778 2231 4854 λεγο·

677 4862 864 4937 μένων,
892 4861 1038 4927 ἐνίοις
1062 4861 1105 4919 δ’
1134 4861 1435 4934 ἐπαινέσαι,
1469 4863 1574 4928 τοῖς
1596 4862 1651 4920 δὲ
1681 4861 1941 4927 πλείστοις
1978 4865 2229 4939 μισῆσαι,

676 4957 783 5016 τοῖς
801 4949 845 5007 δ’
864 4949 1003 5015 ὅπως
1023 4948 1234 5007 ἕκαστοι
1258 4949 1528 5026 βούλονται
1553 4951 1846 5021 διατεθῆναι
1874 4948 2001 5028 πρὸς
2029 4949 2229 5015 αὐτούς·

678 5038 735 5096 σὲ
775 5038 820 5095 δ’
846 5036 1043 5104 οὐδενὸς
1083 5036 1371 5116 μετέχοντα
1398 5038 1614 5108 τούτων,
1645 5039 1759 5095 ἀλλ’
1787 5036 2039 5113 ἀνομοίως
2063 5039 2230 5104 ζῶντα

595 5142 649 5181 ω
676 5123 765 5182 καὶ
792 5124 897 5189 τοῖς
934 5132 1201 5205 σοφισταῖς
1238 5123 1328 5181 καὶ
1366 5131 1471 5190 τοῖς
1505 5123 1762 5197 ἰδιώταις,
1797 5124 1884 5182 καὶ
1921 5132 2027 5191 τοῖς
2062 5124 2232 5183 πολλὰ

678 5210 1007 5287 κεκτημένοις
1040 5211 1129 5271 καὶ
1162 5213 1268 5279 τοῖς
1291 5212 1496 5290 ἀπόρως
1525 5210 1880 5287 διακειμένοις.
1966 5212 2075 5288 (149)
2114 5211 2231 5293 Ἐφ’

677 5287 752 5364 οἷς
777 5300 823 5356 οἱ
849 5296 942 5373 μὲν
973 5300 1265 5377 λογίζεσθαι
1292 5298 1567 5375 δυνάμενοι
1592 5298 1682 5357 καὶ
1720 5303 1836 5356 νοῦν
1868 5297 2070 5376 ἔχοντες
2106 5298 2233 5364 ἴσως

680 5386 741 5444 ἄν
771 5407 829 5443 σε
857 5385 1160 5458 ζηλώσειαν,
1190 5390 1236 5443 οἱ
1263 5385 1317 5445 δὲ
1348 5384 1753 5464 καταδεέστερον
1795 5385 2107 5463 πράττοντες
2143 5386 2231 5443 καὶ

679 5475 952 5532 λυπεῖσθαι
991 5476 1189 5550 μᾶλλον
1220 5475 1451 5540 εἰωθότες
1480 5472 1564 5530 ἐπὶ
1594 5477 1704 5539 ταῖς
1725 5477 1827 5530 τῶν
1869 5472 2040 5531 ἄλλων
2065 5474 2224 5532 ἐπιει-

2306 952 2482 1015 quibus
2504 952 2657 1002 ferant
2673 952 2954 1002 sententiam
2965 986 2982 1014 ,
2998 952 3261 1002 sentientes
3282 951 3477 1013 quidem
3497 964 3547 1001 se
3569 952 3704 1001 saoere
3715 953 3805 1015 iais-

2305 1047 2424 1097 riam
2439 1083 2454 1108 ,
2475 1047 2558 1097 sed
2600 1052 2908 1109 conspectum
2932 1060 3027 1095 non
3058 1047 3119 1095 iri
3140 1052 3393 1109 sperantes
3417 1061 3431 1095 :
3458 1048 3686 1096 servandis
3700 1049 3807 1110 igitur

2257 1170 2258 1176 =
2305 1146 2365 1195 iis
2377 1182 2392 1207 ,
2411 1146 2494 1208 qui
2507 1147 2622 1210 ipsis
2640 1147 2819 1197 similes
2837 1146 2951 1207 sint,
2970 1145 3061 1196 sibi
3075 1145 3306 1208 prodesse
3330 1147 3516 1206 putant.
3544 1149 3656 1205 Quae
3672 1146 3809 1196 fficiroe

2307 1241 2392 1292 tibi
2407 1244 2624 1305 exposui,
2644 1247 2699 1291 nt
2716 1242 2872 1292 sciens
2890 1240 3062 1291 meiius
3075 1240 3163 1290 tibi
3179 1242 3443 1304 prospicias
3454 1246 3504 1290 et
3520 1241 3667 1290 verbis
3677 1254 3810 1305 oppur-

2308 1337 2578 1387 tunioribus
2608 1337 2735 1401 apud
2765 1337 2873 1387 illos
2897 1336 3078 1395 uter-itu
3109 1337 3289 1399 quippe
3315 1342 3444 1385 nunc
3476 1336 3657 1398 quidem
3683 1350 3811 1399 quam-

2310 1448 2420 1485 nam
2444 1435 2564 1487 tales
2596 1432 2805 1486 mentem
2837 1434 3086 1484 babituros
3101 1437 3241 1497 putas
3255 1472 3270 1497 ,
3292 1434 3485 1497 quando
3502 1440 3551 1484 et
3568 1435 3700 1484 vitam
3716 1442 3812 1485 tuam

2311 1628 2394 1678 sed
2421 1630 2579 1691 qualia
2611 1630 2728 1680 mihi
2764 1643 3003 1694 exponere
3042 1630 3242 1680 studes?
3307 1631 3440 1693 (1⁴⁴)
3482 1631 3695 1681 Ostendis
3722 1632 3817 1680 eam

2309 1729 2545 1779 orationes
2567 1741 2687 1792 ques
2709 1729 2942 1792 scripsisti
2977 1742 3072 1779 non
3092 1730 3460 1794 reprehensione
3477 1767 3493 1792 ,
3516 1729 3599 1781 sed
3626 1731 3752 1793 gratia
3766 1729 3818 1779 di-

2310 1837 2426 1886 guas
2448 1837 2574 1886 esse,
2619 1824 3064 1889 discipulorumque
3105 1830 3301 1875 tuorum
3333 1826 3456 1876 alios
3491 1826 3664 1876 nnllam
3694 1826 3820 1875 temne

2311 1924 2374 1986 ini
2381 1925 2530 1974 uriam
2545 1937 2633 1974 nec
2647 1924 2797 1974 ullum
2812 1927 3110 1977 commisisse
3123 1925 3350 1977 delictum
3367 1962 3385 1987 ,
3404 1926 3524 1977 alios
3532 1926 3820 1978 virtutismn

2309 2036 2337 2072 a
2356 2023 2548 2073 civitate
2569 2023 2715 2072 etiam
2737 2023 2926 2075 comnis
2943 2023 3175 2087 donatos,
3197 2025 3450 2089 vitamque
3471 2030 3607 2074 tuam
3634 2025 3820 2088 qnotidia-

2311 2132 2422 2169 nam
2449 2121 2547 2169 tam
2579 2118 2848 2170 modestam
2872 2120 2926 2170 et
2959 2121 3304 2184 compositam,
3333 2124 3393 2169 ut
3425 2121 3632 2170 nesciam
3660 2134 3711 2168 aa
3735 2121 3822 2169 alins

2311 2219 2472 2269 nullus
2493 2220 2672 2269 civium
2691 2220 2757 2269 ita
2775 2221 2984 2282 vixerit;
3008 2225 3238 2284 praeterea
3261 2225 3307 2270 te
3329 2234 3494 2283 neque
3514 2220 3822 2283 cuiquamdim

2312 2317 2487 2367 dixisse
2506 2331 2662 2380 neque
2689 2323 2961 2368 semissium
2985 2331 3092 2369 esse
3124 2318 3216 2367 nisi
3239 2316 3299 2367 de
3323 2318 3694 2380 permutatione,
3710 2330 3822 2378 neque

2311 2416 2416 2466 aliis
2436 2416 2485 2464 in
2498 2415 2690 2477 ,iudiciis
2723 2416 2900 2467 auxilio
2924 2416 3077 2466 fuisse
3093 2452 3108 2477 ‚
3130 2428 3288 2478 neque
3309 2415 3640 2465 testimonium
3669 2413 3821 2469 dixisse.

2312 2527 2465 2577 neque
2481 2513 2740 2577 quidquam
2769 2527 2934 2565 earum
2954 2528 3114 2565 rerum
3145 2514 3345 2575 fecisse,
3367 2515 3419 2563 in
3453 2514 3626 2576 quibus
3645 2513 3822 2563 ommia

2313 2613 2554 2676 republica
2578 2612 2709 2663 cives
2727 2613 2907 2663 versari
2925 2613 3097 2664 solent.
3165 2613 3299 2675 (1⁴5)
3321 2614 3561 2662 Praeterea
3574 2611 3631 2661 ad
3645 2612 3728 2660 bae
3746 2621 3822 2671 qu

667 2676 757 2734 καὶ
784 2680 1042 2756 περιττοῖς
1067 2678 1277 2735 κάκεῖνο
1310 2674 1477 2754 λέΥΕῑς
1493 2718 1511 2752 ²
1550 2679 1619 2743 ὣς
1654 2680 1757 2734 τῶν
1798 2673 1892 2753 μὲν
1930 2678 2106 2755 ἀρχῶν
2132 2674 2221 2734 καὶ
2264 2688 2276 2771 '‡
2314 2708 2399 2758 tibi
2437 2708 2556 2758 adeo
2598 2708 2787 2771 propria
2816 2709 2868 2757 et
2899 2708 3074 2757 eximia
3110 2711 3254 2768 sunt,
3291 2708 3447 2758 etiam
3483 2707 3600 2757 iilud
3633 2704 3764 2764 adds,
3790 2706 3822 2752 te

2313 2804 2598 2856 abstinuisse
2614 2817 2643 2853 a
2660 2803 3012 2866 magistratibus
3035 2803 3479 2866 emolumentisque
3503 2801 3611 2853 inde
3638 2799 3821 2863 ηομ-ὥ

2315 2904 2364 2951 et
2384 2900 2445 2951 ab
2461 2900 2593 2949 omni
2610 2898 2797 2963 publice
2810 2916 2826 2961 ς
2843 2899 2964 2949 inter
2977 2898 3210 2949 ducentos
3221 2901 3274 2949 et
3292 2897 3429 2948 mille
3441 2903 3600 2947 autem
3613 2897 3684 2960 qui
3695 2896 3822 2945 inm

2315 2996 2528 3059 pendunt
2549 2999 2597 3047 et
2616 3009 2816 3046 munera
2831 2994 3019 3057 publica
3040 2994 3256 3054 obeunt,
3279 3008 3382 3044 non
3399 2997 3450 3045 te
3469 2995 3619 3044 solum
3637 2991 3820 3056 pertibus,

2268 3094 2271 3106 “
2315 3094 2400 3145 sed
2415 3094 2562 3143 filium
2577 3107 2788 3157 quoque,
2807 3095 2976 3156 terque
2993 3104 3084 3141 vos
3101 3092 3204 3154 iam
3225 3091 3453 3142 triremes
3474 3104 3658 3141 ornasse
3671 3090 3821 3139 ducas

2315 3197 2406 3247 alia
2424 3197 2587 3247 munia
2617 3196 2798 3258 majore
2829 3197 3021 3258 sumptu
3050 3194 3445 3259 exquisitiusque
3462 3194 3706 3259 explevisse
3719 3203 3821 3255 qm·

2315 3302 2442 3364 leges
2468 3301 2650 3363 iubent.
2717 3300 2849 3362 (1⁴6)
2892 3298 3080 3357 Quibus
3101 3298 3289 3348 auditis
3324 3312 3490 3348 nonne
3519 3311 3670 3349 censes
3692 3295 3822 3357 eosqui

2318 3406 2454 3472 piane
2468 3405 2708 3458 diversum
2724 3405 2840 3457 vitre
2853 3404 3125 3455 institutum
3143 3409 3447 3469 sequuntur,
3457 3417 3579 3469 aegre
3592 3404 3823 3453 intumas

2316 3524 2546 3574 suamque
2573 3512 2722 3560 vitam
2745 3510 3024 3575 reprebendi
3054 3510 3468 3562 existimaturos?
3499 3501 3669 3562 Eteniin
3686 3510 3720 3558 εἰ
3744 3518 3819 3557 ω

2315 3616 2475 3666 labore
2487 3619 2536 3666 et
2552 3615 2781 3665 aerumnis
2795 3621 2843 3666 te
2855 3614 3158 3678 suppeditare
3170 3628 3287 3679 quoe
3307 3617 3360 3666 in
3375 3629 3571 3667 munera
3585 3621 3825 3675 cetumque

2315 3719 2772 3771 administrationem
2788 3721 3115 3785 requiruntur,
3136 3726 3417 3784 cernerent,
3437 3736 3534 3773 non
3553 3719 3825 3786 periodeuta

2316 3824 2570 3887 baberent;
2592 3838 2720 3875 nunc
2742 3838 2856 3876 vero
2872 3825 2958 3876 tibi
2979 3824 3041 3874 ab
3061 3826 3248 3875 exteris
3268 3827 3428 3877 multo
3445 3827 3662 3889 maiorem
3679 3825 3756 3873 vim
3770 3832 3823 3883 pt·

2315 3929 2468 3978 cuniae
2492 3941 2638 3991 quam
2658 3927 2770 3978 data
2791 3934 2867 3978 est
2893 3927 3149 3990 contigisse
3173 3930 3382 3992 putant,
3406 3930 3538 3992 (¹47)
3561 3928 3820 3993 inumb

2316 4032 2495 4093 majore
2522 4032 2716 4081 luxuria
2740 4030 2897 4083 vivere
2918 4030 3198 4081 existimant
3232 4045 3335 4082 non
3363 4032 3523 4083 solum
3546 4031 3700 4082 ceteris
3720 4025 3826 4078 buni-

2315 4134 2475 4197 nibus,
2490 4134 2575 4185 sed
2588 4134 2648 4184 iis
2661 4134 2804 4184 etiam
2818 4134 2901 4197 qui
2915 4133 3234 4197 pbilosopbiae
3244 4134 3517 4200 iisdemque
3531 4129 3827 4196 studiisquibm

2317 4242 2368 4286 tu
2383 4250 2577 4301 operam
2589 4239 2784 4287 navant.
2806 4237 2982 4287 Vident
2993 4236 3120 4287 enim
3133 4238 3392 4303 plerosque
3406 4239 3612 4302 illorum,
3623 4239 3829 4301 pratum·

2317 4339 2402 4401 qui
2423 4343 2556 4390 tuam
2575 4339 2764 4390 vivendi
2786 4340 3017 4390 rationem
3041 4339 3426 4405 institutumque
3443 4344 3712 4406 sequuntur,
3726 4340 3764 4388 in
3778 4348 3829 4384 ω’

2319 4413 2557 4492 lemnibus
2573 4443 2885 4493 conventibus
2905 4443 3201 4506 privatisque
3213 4445 3427 4496 coetibus
3437 4440 3832 4496 orationesostnh·

2318 4546 2463 4596 tionis
2482 4560 2625 4597 causa
2642 4546 2814 4597 babere
2827 4582 2842 4607 ,
2857 4546 2981 4597 inter
2993 4559 3046 4597 se
3062 4548 3385 4611 contendere,
3409 4549 3633 4599 immania
3649 4541 3831 4611 pollicen-

2319 4654 2503 4700 certare
2516 4686 2530 4712 ,
2564 4650 2845 4710 conviciari,
2866 4649 2984 4699 nibil
3022 4649 3352 4712 improbitatis
3381 4653 3628 4712 omittere,
3647 4643 3830 4713 (113)ηὲ

2279 4768 2280 4779 ¹
2321 4755 2509 4817 negotia
2526 4754 2614 4804 sibi
2631 4755 2859 4805 facessere
2873 4753 3273 4817 auditoribusque
3291 4758 3472 4819 partim
3488 4754 3831 4821 oppoununtu-

2320 4857 2433 4907 dare
2444 4857 2571 4908 dicta
2583 4856 2847 4916 deridendi,
2858 4856 3103 4907 nonnullis
3116 4857 3373 4921 laudandi,
3390 4860 3607 4924 piurimis
3613 4852 3832 4913 anculfi.

2320 4963 2424 5012 aliis
2446 4963 2654 5025 denique
2677 4965 2817 5025 prout
2839 4962 3017 5024 quique
3039 4961 3200 5012 arrecti
3227 4964 3328 5014 sint
3350 4966 3418 5014 ita
3445 4965 3506 5015 de
3536 4978 3587 5015 se
3617 4956 3832 5016 ιωῦοᾶὅ

2321 5070 2368 5118 te
2402 5046 2516 5117 vero
2543 5066 2722 5116 nullius
2744 5066 2915 5115 harum
2937 5078 3094 5115 rerum
3121 5068 3433 5132 participem,
3460 5067 3544 5119 sed
3574 5071 3666 5118 vita
3686 5068 3727 5116 et
3743 5074 3837 5112 aso·

2323 5172 2495 5236 phistis
2512 5178 2561 5222 et
2580 5172 2640 5221 ab
2660 5171 2866 5221 indoctis
2884 5170 3161 5222 hominibus
3177 5175 3281 5222 tam
3299 5174 3543 5236 opulentis
3562 5185 3695 5237 quam
3709 5165 3835 5231 qus

2322 5275 2684 5339 discrepantem.
2751 5274 2885 5339 (149)
2912 5279 3126 5335 Quarum
3152 5288 3315 5326 rerum
3347 5289 3493 5326 causa
3537 5282 3581 5326 te
3610 5275 3779 5324 ῐοήιιιε
3808 5268 3833 5317 ii

2283 5416 2284 5422 ι
2322 5380 2403 5441 qui
2427 5379 2553 5441 quod
2590 5384 2770 5429 rectum
2806 5379 2871 5429 sit
2903 5377 3163 5439 intelligere
3199 5379 3474 5440 possuntet
3517 5381 3666 5428 mente
3683 5373 3829 5426 niul.

2322 5482 2685 5533 admirabuntur
2719 5499 2729 5532 :
2752 5482 2833 5547 qui
2853 5495 2968 5533 vero
2982 5481 3217 5532 deteriore
3232 5479 3505 5531 conditione
3523 5484 3629 5530 sunt
3643 5480 3685 5526 et
3701 5470 3830 5523 aue-s
