4467 6542
671 717 777 770 iso

662 842 757 907 θα,
776 836 865 893 καὶ
885 829 1242 907 κινδυνεύομεν
1267 828 1389 910 περὶ
1411 819 1482 886 ὧν
1505 828 1551 886 οἳ
1576 826 1816 905 πρόγονοι
1852 826 1978 897 ἡμῖν
2000 820 2206 880 κατέλι-

665 1010 813 1080 σταί,
842 1012 870 1066 ὁ
898 1008 1018 1083 ἐμὸς
1041 1004 1215 1082 πατὴρ
1260 1007 1311 1061 ἐν
1342 1003 1529 1060 ἅπαντι
1565 1004 1637 1079 τῷ
1683 999 1779 1078 βίῳ
1819 998 1983 1056 πλείω
2008 999 2076 1062 εἷς
2118 996 2210 1065 τὴν

665 1098 816 1155 πόλιν
837 1094 1101 1152 ἀνάλωσεν
1122 1090 1157 1162 ἢ
1180 1093 1247 1156 είς
1275 1089 1428 1147 αὑτὸν
1457 1086 1672 1153 καὶτοὺς
1700 1085 1910 1150 οἰκείους
1925 1129 1939 1154 ,
1962 1083 2210 1142 διπλάσια

666 1182 723 1243 δὲ
740 1182 774 1252 ἢ
797 1188 884 1240 νῦν
908 1180 1045 1239 ἔστιν
1076 1182 1219 1253 ἡμῖν,
1246 1179 1313 1242 ὥς
1342 1178 1366 1233 ἐ
1400 1173 1443 1232 ὼ
1461 1172 1772 1252 λογιζομένῳ
1797 1174 1937 1249 αὐτῷ
1966 1169 2215 1237 πολλάκις

667 1269 1047 1350 παρεγενόμην.
1115 1265 1204 1344 (ιο)
1233 1263 1327 1334 Μὴ
1357 1288 1443 1323 ουν
1470 1258 1982 1341 προκαταγινὼσκετε
2014 1258 2213 1317 ἀδικίαν

667 1363 756 1417 τοῦ
777 1359 846 1423 εἷς
867 1355 1019 1414 αὑτὸν
1035 1353 1129 1430 μὲν
1150 1350 1309 1430 μικρὰ
1339 1351 1683 1419 δαπανῶντος,
1707 1351 1825 1423 ὑμῖν
1846 1345 1900 1403 δὲ
1919 1344 2087 1404 πολλὰ
2103 1344 2217 1402 καθ’

591 1464 645 1503 ⁴0
666 1443 882 1503 ἕκαστον
906 1441 991 1500 τὸν
1026 1438 1274 1507 ἐνιαυτόν,
1304 1439 1416 1495 ἀλλ’
1443 1434 1556 1493 ὅσοι
1583 1434 1672 1492 καὶ
1707 1433 1773 1491 τδι
1796 1435 2013 1511 πατρῷα
2042 1432 2131 1489 καὶ
2156 1432 2217 1489 ἄν

668 1531 720 1589 τί
747 1535 898 1589 ποθεν
933 1526 1193 1602 λοίὸωσιν,
1220 1526 1287 1589 εἷς
1314 1522 1407 1588 τὰς
1435 1520 1706 1600 αἰσχίστας
1734 1517 1919 1588 ἡδονὰς
1948 1517 2218 1595 εἰθισμένοι
2270 1574 2271 1581 ,

671 1617 795 1675 εἰσὶν
827 1613 1142 1672 ἀναλίσκειν.
1228 1613 1317 1687 (ιι)
1342 1607 1588 1669 Χαλεπὸν
1613 1606 1707 1682 μὲν
1730 1597 1841 1682 οὐν,
1866 1596 1909 1663 ὦ
1936 1605 2113 1684 ἄνδρες
2138 1607 2218 1662 δι·

670 1701 860 1763 κασταί
876 1746 893 1777 ,
921 1701 1289 1776 ἀπολογεῖσθαι
1316 1695 1441 1773 πρὸς
1472 1692 1621 1761 δόξαν
1648 1692 1713 1763 ἣν
1742 1691 1862 1750 ἔνιοι
1900 1691 2076 1769 ἔχουσι
2102 1690 2219 1770 περὶ

670 1787 764 1852 τῆς
787 1778 1096 1859 Νικοφήμου
1121 1775 1316 1849 οὐσίας,
1334 1774 1424 1832 καὶ
1444 1772 1630 1830 σπάνιν
1656 1770 1900 1849 ἀργυρίου
1921 1771 1953 1841 ἢ
1974 1776 2063 1828 νῦν
2084 1773 2219 1828 ἐστιν

674 1871 727 1927 ἐν
761 1870 827 1945 τῇ
866 1865 1041 1935 πόλει,
1068 1860 1159 1919 καὶ
1199 1866 1287 1920 τοῦ
1314 1862 1509 1938 ἀγῶνος
1535 1856 1661 1937 πρὸς
1688 1858 1746 1914 τὸ
1783 1856 2026 1933 δημόσιον
2063 1855 2221 1922 ὄντος·

576 1954 815 2031 isacium<
843 1950 897 2011 δὲ
921 1950 1010 2010 καὶ
1037 1949 1232 2008 τούτων
1266 1944 1603 2025 ὑπαρχόντων
1633 1943 1816 2024 ῥᾳδίως
1855 1942 2108 2020 γνώσεσθε
2145 1941 2223 2000 ὅτι

675 2044 768 2102 οὐκ
790 2041 958 2110 ἀληθῆ
979 2035 1172 2096 ἐστιτὰ
1186 2032 1603 2113 κατηγορημένα.
1623 2032 1821 2108 Δέομαι
1845 2032 1891 2088 δ’
1913 2034 2056 2106 ὑμῶν
2074 2029 2221 2109 πάσῃ

674 2126 830 2205 τέχνῃ
877 2123 966 2183 καὶ
1000 2125 1215 2202 μηχανῇ
1246 2122 1360 2196 μετ’
1394 2118 1584 2184 εὐνοίας
1619 2115 2041 2196 ἀκροασαμένους
2072 2120 2222 2192 ἡμῶν

675 2212 760 2273 διὰ
782 2213 982 2282 τέλους,
1004 2211 1035 2267 ὅ
1055 2234 1105 2267 τι
1133 2207 1193 2267 ἂν
1222 2211 1343 2283 ὓμῖν
1373 2206 1577 2284 ἄριστον
1606 2204 1694 2262 καὶ
1722 2203 2054 2280 εὐορκότατον
2077 2203 2223 2279 νομί-

677 2305 795 2372 ζητε
817 2291 973 2369 εἶναι,
995 2301 1145 2355 τοῦτο
1166 2293 1513 2405 ψηφίσασθαι.

759 2407 826 2447 1².
871 2388 1090 2464 Πρῶτον
1123 2383 1215 2457 μὲν
1246 2370 1357 2454 οὐν,
1385 2404 1429 2460 ῳ
1466 2378 1641 2457 τρόπῳ
1670 2378 1918 2449 κηδεσταὶ
1945 2380 2070 2453 ἡμῖν
2110 2377 2225 2455 ἐγέ-
2279 2366 2280 2417 f

625 2500 650 2536 s
677 2495 850 2544 νοντο,
880 2470 1068 2538 διδάξω
1089 2474 1245 2543 ὑμᾶς.
1307 2468 1625 2542 Στρατηγῶν
1648 2463 1749 2544 γὰρ
1772 2464 1953 2524 Κόνων
1977 2464 2095 2544 περὶ
2119 2467 2224 2523 Πε·

678 2559 1012 2629 λοπόννησον,
1034 2553 1479 2634 τριηραρχήσαντι
1497 2556 1572 2631 τῷ
1588 2553 1699 2632 ἐμῷ
1720 2552 1880 2627 πατρὶ
1903 2551 2067 2609 πάλαι
2086 2551 2229 2632 φίλος

679 2644 1031 2725 γεγενημένος,
1048 2642 1231 2713 ἐδεήθη
1248 2642 1424 2698 δοῦναι
1442 2638 1536 2709 τὴν
1551 2637 1778 2719 ἀδελφὴν
1794 2639 2020 2696 αἰτοῦντι
2039 2642 2113 2719 τῷ
2131 2639 2231 2696 υἱεῖ

680 2738 754 2813 τῷ
782 2730 1114 2812 Νικοφήμου.
1202 2730 1291 2805 (13)
1321 2727 1389 2787 Ὃ
1414 2727 1468 2784 δὲ
1491 2729 1623 2807 δρῶν
1642 2723 1825 2792 αὐτοὺς
1846 2727 1937 2782 ὑπ’
1959 2724 2151 2784 ἐκείνου
2170 2748 2228 2783 τε

661 2817 1112 2895 ’πεπιστευμένους
1129 2814 1400 2894 γεγονότας
1422 2837 1477 2872 τε
1498 2816 1737 2879 ἐπιεικεῖς
1758 2818 1824 2892 τῇ
1838 2836 1896 2871 τε
1921 2811 2068 2870 πόλει
2089 2811 2140 2869 ἔν
2167 2836 2224 2891 γε
2273 2849 2274 2853 =

681 2913 759 2989 τῷ
784 2908 898 2966 τότε
922 2906 1095 2986 χρόνῳ
1120 2904 1430 2982 ἀρέσκοντας
1445 2945 1463 2976 ,
1493 2900 1703 2971 ἐπείσθη
1738 2902 1945 2971 δοῦναι,
1969 2902 2063 2957 οὐκ
2086 2899 2231 2968 εἰδὼς

681 2994 778 3067 τὴν
806 2994 1053 3069 ἐσομένην
1079 2988 1343 3060 διαὸολήν,
1368 2986 1486 3045 ἀλλ’
1513 2985 1596 3045 ὅτε
1621 2985 1710 3045 καὶ
1733 2990 1877 3062 ὑμῶν
1904 2990 2138 3044 ὁστισοῦν
2169 2986 2230 3045 ἂν

683 3081 893 3148 ἐκείνοις
914 3080 1101 3152 ἠξίωσε
1124 3074 1377 3148 κηδεστὴς
1394 3074 1658 3153 γενέσθαι,
1682 3075 1793 3133 ἐπεὶ
1822 3073 1899 3131 ὅτι
1926 3097 1985 3151 γε
2006 3076 2064 3131 οὐ
2094 3098 2229 3155 χρη-

607 3192 657 3229 to
684 3170 863 3246 μάτων
890 3168 1041 3227 ἕνεκα
1056 3210 1072 3238 ,
1090 3164 1260 3248 ῥᾴδιον
1278 3165 1469 3242 γνῶναι
1484 3165 1542 3221 ἐκ
1562 3166 1650 3221 τοῦ
1677 3161 1790 3241 βίου
1811 3164 2001 3229 παντὸς
2017 3163 2104 3221 καὶ
2124 3167 2227 3221 τῶν

685 3256 848 3338 ἔργων
874 3259 976 3314 τῶν
1003 3260 1095 3313 τοῦ
1119 3250 1329 3334 πατρός.
1414 3248 1504 3328 (ιι)
1536 3248 1766 3315 Ἐκεῖνος
1788 3248 1889 3328 γὰρ
1912 3249 1985 3308 ὅτ’
2007 3241 2070 3321 ἦν
2094 3252 2145 3308 ἐν
2168 3254 2232 3328 τῇ

683 3342 885 3424 ἡλικίᾳ,
901 3339 1067 3420 παρὸν
1084 3337 1217 3416 μετὰ
1230 3340 1436 3396 πολλῶν
1448 3337 1735 3416 χρημάτων
1750 3340 1919 3414 γ’ἤμαι
1944 3336 2125 3408 ἄλλην,
2139 3336 2233 3405 τ’),ν

686 3430 816 3508 ἐμὴν
839 3429 1037 3510 μητέρα
1068 3426 1250 3486 ἔλαὸεν
1278 3424 1423 3484 οὐδὲν
1452 3422 1846 3505 ἐπιφερομένην,
1874 3422 1954 3481 ὅτι
1986 3423 2040 3481 δὲ
2072 3426 2235 3483 Ξενο-

685 3520 878 3593 φῶντος
891 3507 955 3587 ἦν
968 3514 1195 3593 θυγάτηρ
1208 3518 1298 3571 τοῦ
1317 3510 1599 3597 Εὐριπίδου
1621 3510 1770 3582 υἱέος,
1795 3508 1848 3576 ὃς
1869 3510 1927 3568 οὐ
1948 3509 2100 3585 μόνον
2130 3512 2237 3590 ἰδίᾳ

686 3602 909 3683 χρηστὸς
930 3600 1093 3660 ἐδόκει
1115 3592 1273 3672 εἶναι,
1294 3598 1429 3657 ἀλλὰ
1448 3597 1538 3656 καὶ
1562 3606 1870 3677 στρατηγεῖν
1893 3597 2045 3655 αὐτὸν
2071 3597 2232 3668 ἠξιώ-

688 3714 831 3762 σατε,
847 3694 915 3755 ὡς
931 3687 1032 3767 ἐγὼ
1053 3687 1243 3748 ἀκούω.
1270 3689 1359 3765 (ιε)
1373 3684 1483 3751 Τὰς
1501 3684 1667 3744 τοίνυν
1684 3685 1811 3761 ἐμὰς
1825 3683 2051 3764 ἀδελφὰς
2068 3684 2237 3743 θελόν-

609 3804 655 3841 ιε
690 3802 792 3837 των
820 3780 971 3836 τινῶν
1012 3774 1193 3835 λαὸεῖν
1224 3774 1499 3854 ἀπροίκους
1528 3772 1664 3831 πάνυ
1699 3771 1960 3830 πλουσίων
1990 3773 2047 3830 οὐ
2078 3772 2238 3830 δέδω·

688 3889 795 3936 κεν,
818 3863 896 3922 ὅτι
924 3862 1129 3922 ἐδόκουν
1151 3860 1327 3920 κάκιον
1350 3858 1643 3939 γεγονέναι,
1672 3857 1808 3917 ἀλλὰ
1830 3857 1924 3928 τὴν
1946 3856 2039 3935 μὲν
2066 3860 2239 3919 Φιλο-

690 3949 844 4030 μήλῳ
888 3954 962 4028 τῷ
1004 3953 1277 4023 Παιανιεῖ,
1312 3946 1367 4006 ὃν
1408 3950 1455 4006 οἱ
1486 3947 1669 4005 πολλοὶ
1712 3945 1948 4025 βελτίονα
1994 3950 2241 4023 ἡγοῦνται

691 4029 821 4097 εἶναι
847 4036 880 4107 ἢ
908 4036 1301 4112 πλουσιώτερον,
1323 4033 1418 4103 τὴν
1445 4032 1497 4091 δὲ
1524 4033 1703 4105 πένητι
1721 4032 2046 4113 γεγενημένῳ
2069 4036 2127 4092 οὐ
2158 4034 2242 4091 διὰ

691 4123 901 4194 κακίαν,
933 4123 1188 4201 ἀδελφιδῷ
1223 4120 1276 4178 δὲ
1305 4119 1527 4197 Φαίδρῳ
1556 4118 1662 4177 ὄντι
1702 4119 2099 4200 Μυρρινουσίῳ,
2130 4122 2242 4177 ἐπι-

694 4210 809 4276 δοὺς
852 4209 1230 4286 τετταράκοντα
1277 4214 1436 4280 μνᾶς,
1478 4204 1568 4261 καὶ
1607 4205 1962 4284 Ἀριστοφάνει
2006 4207 2065 4263 τὸ
2107 4206 2239 4267 ἴσον.

696 4300 785 4375 (ιο)
813 4294 954 4374 Πρὸς
978 4295 1030 4353 δὲ
1052 4292 1247 4356 τούτοις
1273 4292 1387 4366 ἐμοὶ
1416 4289 1614 4360 πολλὴν
1634 4291 1741 4358 ἐξὸν
1768 4291 1904 4348 πάνυ
1928 4294 2117 4370 προῖκα
2147 4294 2243 4350 λα-

694 4385 802 4443 Εεῖν
837 4383 1037 4441 ἐλάττω
1074 4377 1496 4452 συνεὸούλευσεν,
1528 4375 1652 4435 ὥστ’
1679 4368 1735 4435 εὐ
1769 4377 1957 4436 εἰδέναι
1983 4378 2061 4437 ὅτι
2089 4381 2246 4449 κηδε-

612 4494 663 4532 ac
694 4473 836 4537 σταῖς
863 4467 1160 4550 χρησοίμην
1185 4465 1415 4540 κοσμίοις
1442 4465 1531 4522 καὶ
1557 4463 1802 4545 σώφροσι.
1891 4465 1995 4525 Καὶ
2022 4472 2109 4524 νῦν
2139 4466 2246 4544 ἔχω

694 4567 915 4637 γυναῖκα
953 4555 1048 4625 τὴν
1093 4551 1427 4632 Κριτοδήμου
1464 4552 1719 4632 θυγατέρα
1755 4558 1845 4612 τοῦ
1876 4553 2245 4626 Ἀλωπεκῆθεν,

694 4646 747 4713 δς
770 4646 868 4704 ὑπὸ
897 4640 1321 4717 Λακεδαιμονίων
1352 4639 1625 4709 ἀπέθανεν,
1656 4638 1738 4697 ὅτε
1768 4632 1800 4710 ἦ
1832 4642 2101 4719 ναυμαχία
2127 4640 2244 4717 ἐγέ-

699 4756 807 4792 νετο
830 4736 881 4792 ἐν
903 4728 1300 4807 Ἑλλησπόντῳ.
1362 4730 1449 4803 (17)
1484 4727 1699 4797 Καίτοι,
1715 4716 1759 4784 ὦ
1782 4726 1957 4805 ἄνδρες
1981 4726 2246 4796 δικασταί,

696 4819 832 4886 ὅστις
857 4819 1008 4883 αὐτός
1030 4841 1084 4875 τε
1107 4818 1226 4874 ἄνευ
1251 4815 1540 4895 χρημάτων
1562 4812 1725 4889 ἔγημε
1744 4821 1860 4871 ταῖν
1878 4838 1933 4871 τε
1953 4815 2246 4894 θυγατέροιν

700 4906 827 4963 πολὺ
847 4905 1087 4984 ἀργύριον
1109 4902 1336 4961 ἐπέδωκε
1360 4905 1434 4981 τῷ
1456 4924 1513 4958 τε
1538 4903 1630 4978 υἱῷ
1650 4900 1828 4977 ὀλίγην
1853 4910 2041 4980 προῖκα
2063 4902 2245 4978 ἔλαὸε,

700 4997 804 5058 πῶς
824 4996 913 5050 οὐκ
937 4993 1067 5057 εἰκὸς
1090 4992 1208 5070 περὶ
1235 4989 1416 5049 τούτου
1442 4987 1699 5046 πιστεύειν
1726 4991 1796 5055 ὡς
1824 4990 1920 5066 οὐχ
1941 4989 2091 5047 ἕνεκα
2112 5012 2246 5068 χρη-

617 5108 669 5144 25
698 5080 874 5157 μα’των
900 5077 1093 5144 τούτοις
1116 5078 1367 5149 κηδεστὴς
1391 5076 1620 5154 ἐγένετοτ,

781 5188 849 5227 ts.
889 5166 1042 5224 Ἀλλὰ
1075 5164 1176 5237 μὴν
1205 5164 1237 5223 ὅ
1261 5188 1318 5239 γε
1348 5163 1713 5244 Ἀριστοφάνης
1741 5162 1845 5232 ἤδη
1875 5161 2010 5241 ἔχων
2036 5162 2129 5233 τὴν
2158 5186 2246 5240 γυ-

701 5262 850 5312 ναῖκα
882 5251 960 5311 ὅτι
985 5254 1193 5316 πολλοῖς
1223 5251 1283 5309 διν
1310 5253 1506 5328 μᾶλλον
1531 5253 1595 5328 ἐχ
1601 5254 1722 5326 ρ’ἧτο
1746 5249 1779 5320 ἢ
1809 5253 1883 5329 τῷ
1917 5252 2029 5329 ἐμῷ
2053 5251 2246 5328 πατρί,

705 5340 874 5420 ῥᾴδιον
902 5341 1111 5414 γνῶναι.
1154 5337 1230 5397 Ἥ
1256 5361 1312 5396 τε
1335 5337 1434 5415 γὰρ
1463 5339 1639 5408 ἡλικία
1668 5336 1799 5395 πολὺ
1835 5336 2100 5416 διάφορος,
2130 5338 2165 5408 ἤ
2194 5361 2246 5395 τε

706 5427 853 5507 φύσις
876 5425 950 5485 ἔτι
973 5424 1145 5483 πλέον·
1170 5423 1346 5501 ἐκείνῳ
1370 5421 1463 5499 μὲν
1484 5422 1584 5503 γὰρ
1607 5416 1670 5495 ἦν
1693 5424 1759 5480 τὰ
1785 5426 1966 5481 ἑαυτοῦ
1986 5423 2252 5501 πράττειν,

1291 698 1570 760 arslot*
1603 699 1661 756 Ο
1706 695 1909 754 ΥΠΕΡ
1947 689 2101 752 'mN
2147 690 2739 751 ΑΡΙΣΤΟΦΑΝΟΥΣ
2781 686 3229 749 ΧΡΗΜΛΤΩΝ.

2255 829 2258 830 ’
2305 821 2523 870 venimus
2539 820 2600 870 de
2609 821 2666 869 iis
2681 833 2792 883 quae
2810 819 3013 879 maiores
3024 818 3172 867 nostri
3186 816 3295 879 jure
3307 817 3445 879 parta
3456 814 3600 866 nobis
3612 816 3857 880 rdiquae

663 947 760 981 πον
789 919 1105 994 κτησάμενοι
1125 921 1184 976 ἐκ
1202 922 1293 976 τοῦ
1319 915 1532 973 δικαίου.
1563 911 1778 987 Καίτοι,
1800 901 1844 969 ὦ
1868 910 2043 989 ἄνδρες
2061 910 2210 968 δικα-
2304 900 2553 959 mmmm»
2586 897 2799 959 jndices»
2836 898 2972 959 9⁸2⁰?
3012 907 3150 945 ¹¹¹0¹¹⁸
3191 893 3323 943 ⁰¹¹¹¹¹i
3363 894 3481 944 '³²¹³
3503 906 3609 944 ωδ
3646 896 3860 958 mm

3580 689 3743 766 (⁶¹7-
3758 687 3855 765 οῦ)

2304 981 2443 1042 plura
2460 982 2507 1029 in
2524 981 2863 1043 rempublicam
2883 978 3186 1042 impendebat
3203 991 3349 1041 quam
3367 977 3417 1027 ln
3434 991 3488 1027 se
3504 980 3556 1029 et
3569 978 3861 1042 propinquus

2304 1079 2413 1114 suos
2425 1102 2439 1125 ,
2463 1066 2673 1127 erogavit
2694 1065 2741 1114 in
2762 1064 3103 1126 rempublicam
3122 1062 3270 1125 duplo
3290 1063 3562 1125 plusquam
3582 1064 3726 1113 nobis
3737 1076 3858 1114 nunc

2257 1185 2258 1188 ,
2307 1150 2352 1198 in
2365 1152 2567 1200 fortunis
2574 1156 2672 1212 est3
2687 1150 3096 1214 quemadmodum
3111 1150 3198 1213 ipsi
3213 1150 3513 1212 computanti
3521 1150 3702 1213 soepius
3713 1150 3857 1200 adtui.

2308 1235 2406 1296 (ιο)
2439 1235 2593 1285 Nolite
2631 1236 2772 1298 igitur
2799 1249 2911 1285 eum
2940 1235 3220 1298 praeiudicio
3244 1236 3404 1284 vestro
3425 1234 3661 1283 dauntre
3686 1234 3860 1296 iniqui·

2307 1321 2419 1370 tatis
2432 1356 2446 1380 ‚
2473 1322 2556 1383 qui
2574 1322 2857 1383 paucissima
2875 1322 2924 1371 in
2947 1336 2998 1371 se
3011 1356 3026 1382 ,
3047 1322 3096 1371 in
3113 1324 3328 1372 vestrum
3347 1334 3489 1370 usum
3507 1320 3721 1383 plurima
3738 1320 3859 1369 insu·

2309 1405 2470 1454 mebat
2498 1424 2512 1454 2
2551 1419 2632 1455 eos
2674 1406 2831 1468 potius
2862 1406 3086 1455 damnate
3124 1405 3207 1468 qui
3237 1418 3335 1454 non
3373 1405 3533 1455 solum
3565 1404 3864 1455 haereditates

2311 1493 2553 1552 paternas,
2575 1490 2658 1540 sed
2680 1492 2727 1539 et
2748 1503 3066 1552 quaecumque
3084 1490 3352 1552 acceperint
3368 1489 3619 1552 alicunde,
3644 1489 3695 1538 in
3717 1490 3864 1539 t'oedis-

2310 1576 2453 1625 simas
2479 1575 2694 1624 libidines
2708 1575 2980 1637 impendere
3001 1577 3370 1625 consueverunt.
3436 1575 3480 1634 (t
3494 1576 3537 1638 t)
3567 1575 3774 1626 Difficile
3793 1578 3866 1624 est

2311 1673 2424 1709 sane
2435 1696 2449 1719 ,
2466 1661 2649 1722 iudices
2661 1697 2676 1723 ,
2696 1674 2889 1711 causam
2902 1675 3040 1725 agere
3053 1664 3219 1711 contra
3231 1662 3506 1724 opinionem
3524 1662 3865 1711 munuuomm

2311 1743 2372 1792 (le
2404 1746 2681 1807 Nicophemi
2708 1744 2936 1807 fortunis,
2960 1748 3010 1795 et
3035 1747 3203 1795 contra
3236 1746 3549 1808 peimniarum
3577 1746 3787 1809 inopiam
3820 1746 3865 1794 in

2312 1834 2409 1882 qua
2433 1835 2562 1871 nunc
2583 1825 2802 1872 versatur
2831 1821 3126 1885 respublica,
3151 1822 3367 1885 inprimis
3398 1836 3560 1885 quum
3594 1822 3706 1873 haec
3736 1824 3867 1873 nobis

2314 1902 2553 1949 contentio
2567 1901 2627 1950 sit
2641 1901 2868 1951 adversus
2885 1901 3108 1951 oerarium
3122 1900 3386 1963 publicum.
3406 1904 3760 1953 Verumtamen
3771 1940 3786 1964 ,
3806 1909 3866 1951 ta·

2314 1979 2452 2027 metsi
2471 1992 2527 2028 ea
2546 1992 2622 2029 res
2638 1979 2702 2028 ita
2721 1992 2772 2029 se
2788 1980 2979 2039 habeat,
2996 1980 3133 2029 facile
3150 1979 3419 2042 intelligetis
3434 1981 3557 2031 salsa
3574 1995 3679 2031 esse
3692 1995 3747 2032 ea
3764 1995 3867 2044 qum

2314 2057 2451 2105 nobis
2476 2055 2782 2116 oinciuntur.
2865 2059 2964 2107 Vos
2985 2060 3145 2106 autem
3162 2057 3374 2107 obtestor
3391 2059 3528 2108 omni
3546 2059 3711 2108 studio
3728 2063 3777 2109 et
3798 2060 3866 2108 in·

2314 2133 2513 2195 dustria,
2531 2135 2601 2194 nt,
2617 2135 2830 2183 oratione
2843 2137 3003 2183 nostra
3018 2135 3248 2184 benevole
3261 2134 3323 2183 ad
3332 2134 3480 2183 tinem
3496 2148 3653 2199 usque
3662 2140 3866 2199 accepta,

2315 2210 2363 2259 id
2387 2210 2515 2272 quod
2545 2210 2680 2259 vobis
2700 2210 2934 2273 optimum
2965 2214 3013 2260 et
3031 2212 3304 2272 juramento
3339 2214 3505 2261 vestro
3535 2213 3867 2262 accommoda·

2316 2290 2550 2339 tissimum
2568 2289 2825 2351 videbitur,
2844 2290 3122 2339 decernatis.

2384 2383 2457 2426 12.
2493 2377 2707 2426 Primum
2744 2378 2887 2440 igitur
2922 2391 3021 2439 quo
3056 2378 3200 2440 pacto
3241 2376 3310 2427 illi
3340 2377 3483 2428 nobis
3516 2378 3753 2429 affinitate
3783 2380 3869 2430 sint

2320 2459 2589 2520 conjuncti,
2616 2473 2702 2508 vos
2724 2459 2924 2509 docebo.
2989 2463 3118 2510 Dum
3141 2460 3266 2510 circa
3289 2461 3680 2523 Peloponnesum
3694 2462 3869 2511 exerci-

2320 2543 2392 2592 tui
2410 2544 2648 2605 imperans
2661 2546 2829 2594 Conon
2845 2545 2997 2594 adsuit
3008 2581 3023 2605 ,
3045 2558 3153 2594 meo
3172 2546 3297 2608 patri
3315 2546 3500 2595 triremi
3516 2548 3748 2610 prefecto
3762 2548 3869 2596 oiim

2320 2627 2502 2677 amicus
2518 2664 2532 2688 ,
2560 2629 2718 2690 ipsum
2741 2629 2897 2678 oravit
2935 2630 2992 2677 ut
3029 2641 3242 2677 sororem
3274 2642 3436 2679 meam
3461 2630 3747 2693 Nicophemi
3780 2630 3870 2679 filio

2320 2709 2501 2772 petenti
2523 2710 2747 2759 elocaret.
2831 2709 2927 2771 (13)
2964 2711 3049 2759 llle
3069 2710 3153 2758 ubi
3176 2710 3412 2760 intellexit
3436 2710 3526 2761 hos
3543 2712 3765 2762 homines
3779 2724 3871 2762 essa

2321 2792 2371 2841 iu
2406 2791 2567 2853 aliqua
2586 2791 2681 2840 fide
2711 2791 2840 2854 apud
2872 2794 3142 2853 Cononem,
3176 2792 3450 2854 reipublicae
3475 2797 3644 2843 autem
3663 2793 3870 2847 studere,

2322 2878 2371 2924 et
2393 2877 2508 2925 tunc
2524 2876 2752 2938 temporis
2764 2876 2915 2938 gratia
2933 2877 3093 2938 aliqua
3110 2875 3302 2937 llorere,
3324 2876 3515 2925 exorari
3532 2890 3587 2927 se
3604 2889 3772 2940 passus
3785 2881 3870 2938 est,

2323 2958 2513 3017 ignarus
2533 2956 2785 3005 calumniae
2807 2955 2857 3005 in
2879 2956 2986 3005 illos
3002 2955 3202 3018 posthac
3226 2957 3480 3019 venturae,
3504 2960 3655 3020 atque
3674 2972 3734 3007 eo
3756 2961 3871 3007 tem-

2324 3052 2440 3101 pore
2463 3040 2555 3088 hoc
2585 3039 2697 3088 fecit
2726 3052 2822 3101 quo
2851 3039 3053 3103 quilibet
3074 3042 3289 3089 vestrum
3321 3053 3438 3089 cum
3470 3042 3570 3091 illis
3599 3041 3873 3093 affinitatem

2324 3124 2605 3173 contrahere
2639 3123 2876 3186 cupiisset.
2955 3126 3169 3186 Namque
3187 3124 3292 3173 hoec
3310 3125 3435 3174 lueri
3457 3125 3612 3188 gratia
3636 3140 3733 3176 non
3760 3128 3874 3177 naa

2326 3206 2498 3267 fuisse,
2521 3204 2657 3254 facile
2687 3206 2925 3256 constabit
2947 3219 3008 3255 ex
3030 3204 3179 3254 totius
3203 3206 3318 3255 vitm
3338 3207 3529 3258 ratione
3546 3211 3785 3273 gestisque
3804 3224 3874 3259 re-

2325 3285 2418 3335 bus
2438 3286 2533 3335 mei
2555 3287 2779 3348 parentis.
2843 3289 2944 3350 (14)
2970 3288 3057 3338 llle
3075 3289 3205 3338 enim
3223 3302 3376 3352 quum
3394 3293 3523 3341 esset
3544 3295 3691 3344 aetate
3706 3294 3877 3357 integra

2326 3374 2376 3421 et
2406 3384 2606 3420 uxorem
2639 3375 2797 3434 poffiet
2829 3372 3004 3423 ducere
3043 3373 3164 3423 bene
3200 3373 3447 3436 dotatam,
3485 3389 3648 3427 meam
3683 3382 3875 3428 nuh-un

2326 3458 2467 3508 duxit
2480 3458 2597 3509 nihil
2615 3460 2892 3508 afferentem
2904 3497 2920 3521 ,
2938 3460 3053 3522 quia
3071 3473 3244 3523 nempe
3263 3460 3362 3510 filia
3391 3464 3500 3512 erat
3522 3465 3875 3527 xenophontis,

2328 3542 2567 3605 Euripidis
2580 3542 2664 3591 tilii
2677 3578 2691 3604 ,
2705 3543 2900 3605 quinon
2914 3544 3071 3593 solum
3085 3544 3135 3592 in
3151 3544 3349 3607 privatis
3362 3546 3478 3596 vitae
3492 3549 3761 3598 rationibus
3776 3561 3875 3612 pro-

2330 3627 2420 3676 bus
2440 3628 2514 3676 est
2536 3627 2752 3687 habitus,
2771 3627 2853 3676 sed
2873 3641 3016 3690 quem
3040 3628 3185 3678 etiam
3205 3631 3500 3681 exercitibus
3514 3646 3719 3695 praeoese
3734 3632 3878 3683 volui·

2328 3711 2414 3761 stis
2427 3747 2440 3772 ,
2463 3715 2518 3760 ut
2534 3724 2621 3774 ego
2638 3711 2800 3759 audio.
2863 3713 2963 3774 (15)
2985 3715 3114 3762 Meas
3135 3716 3297 3763 autem
3311 3727 3503 3765 sorores
3519 3717 3763 3768 dimsimiz
3776 3718 3878 3781 qui·

2329 3795 2532 3845 busdam
2547 3796 2722 3845 ducere
2739 3796 3041 3858 cupientibus
3051 3833 3068 3859 ,
3088 3797 3166 3846 ille
3179 3810 3276 3847 non
3289 3797 3450 3860 dedit,
3466 3801 3600 3862 quod
3617 3801 3777 3851 indole
3791 3814 3880 3851 non

2331 3881 2445 3929 satis
2466 3881 2665 3929 honesta
2690 3880 2879 3943 praediti
2904 3893 3008 3930 esse
3035 3881 3311 3931 viderentur
3332 3902 3345 3932 ι
3366 3896 3542 3934 verum
3565 3898 3713 3935 unam
3728 3888 3881 3937 Philo-

2333 3965 2459 4013 melo
2474 3964 2732 4012 Paeaniensi
2747 3998 2762 4024 ,
2784 3977 2928 4025 quem
2950 3964 3166 4027 plerique
3188 3968 3367 4015 norunt
3381 3967 3663 4019 melioribus
3675 3982 3773 4020 esse
3784 3983 3879 4019 mo-

2333 4046 2464 4095 ribus
2478 4057 2624 4107 quam
2639 4044 2866 4104 fortunis;
2885 4044 3085 4094 alteram
3100 4046 3193 4094 civi
3212 4048 3506 4108 pauperculo
3520 4050 3716 4111 quidem
3736 4052 3878 4115 racto,

2332 4139 2415 4190 sed
2426 4139 2544 4188 citra
2555 4138 2758 4187 hominis
2771 4138 2957 4197 vitium,
2972 4137 3192 4199 Phaedro,
3204 4151 3404 4189 esorore
3414 4142 3593 4203 nepoti,
3604 4155 3715 4191 cum
3724 4143 3878 4193 eadem

2333 4224 2444 4273 dote
2465 4236 2611 4285 quam
2643 4224 2808 4284 postea
2831 4224 2974 4271 etiam
2998 4224 3334 4285 Aristophanes
3362 4225 3427 4275 ab
3452 4239 3514 4276 eo
3538 4229 3749 4291 accepit,
3769 4242 3876 4291 qua-

2333 4309 2549 4371 draginta
2567 4308 2748 4358 scilicet
2764 4308 2917 4356 minis.
2941 4309 3042 4370 (16)
3057 4310 3183 4367 Quin
3198 4311 3248 4358 et
3263 4323 3421 4372 quum
3440 4312 3560 4361 mihi
3578 4313 3877 4362 lautissimam

2334 4394 2495 4443 dotem
2527 4393 2742 4454 accipere
2763 4393 2952 4453 liceret,
2985 4392 3221 4442 minorem
3244 4394 3575 4456 accipiendam
3593 4410 3695 4447 ease
3710 4398 3875 4459 ausit,

2333 4479 2594 4529 dummodo
2617 4480 2789 4528 scirem
2816 4491 2893 4527 me
2914 4479 3138 4528 amnibus
3159 4478 3320 4540 probis
3338 4483 3391 4529 et
3415 4480 3630 4532 honestis
3654 4496 3750 4533 esse
3767 4497 3873 4533 usu·

2334 4580 2462 4615 rum.
2481 4569 2645 4626 ltaque
2660 4576 2788 4613 nunc
2807 4575 3008 4612 uxorem
3022 4563 3176 4612 habeo
3191 4563 3453 4614 Critodemi
3474 4566 3623 4617 tiliam
3637 4568 3885 4631 Alopecen·

2334 4653 2416 4712 sis,
2437 4652 2518 4713 qui
2536 4665 2565 4700 a
2579 4649 2948 4699 Lacedaemoniis
2964 4650 3149 4698 occisus
3163 4651 3254 4710 est,
3268 4663 3420 4713 quum
3435 4666 3595 4716 pugna
3613 4655 3689 4703 illa
3706 4656 3901 4706 navalis

2336 4742 2385 4790 in
2412 4741 2714 4801 hellesponto
2733 4738 3130 4790 committeretur.
3197 4740 3296 4802 (17)
3321 4742 3487 4804 Atqui,
3503 4742 3708 4804 judices,
3730 4744 3911 4806 quiet.

2335 4828 2434 4887 ipse
2453 4839 2652 4874 uxorem
2678 4825 2818 4873 duxit
2839 4824 3101 4874 indotatam
3115 4861 3130 4885 ,
3150 4826 3200 4874 et
3217 4825 3410 4875 filiabus
3426 4828 3642 4890 utrisque
3656 4828 3939 4890 ffunden-

2336 4913 2499 4962 dotem
2521 4912 2670 4973 dedit,
2690 4915 2739 4962 et
2758 4912 2854 4962 tilio
2867 4913 3025 4961 minus
3037 4911 3250 4961 dotatam
3272 4925 3478 4963 uxorem
3506 4915 3657 4977 cepit,
3678 4917 3763 4977 qut
3782 4926 3954 4964 mn

2337 4999 2398 5048 de
2427 5000 2507 5047 illo
2534 4998 2793 5048 admodum
2821 4998 3052 5058 credatis,
3077 4996 3210 5059 quod
3235 4997 3367 5047 illam
3384 4999 3663 5051 affinitatem
3692 5011 3957 5061 nonpe-

2290 5127 2291 5133 ,
2337 5083 2588 5133 cuniarum
2608 5097 2754 5132 causa
2778 5083 2921 5133 fucrit
2938 5083 3240 5144 aucupatus?

2407 5173 2476 5217 18.
2513 5171 2739 5218 Ceterum
2768 5169 3159 5230 Aristophanem,
3180 5167 3382 5219 donnum
3403 5184 3558 5222 uxone
3585 5170 3752 5230 auen.
3778 5167 3948 5220 ηιξ-’1

2342 5256 2693 5305 familiariorem
2732 5256 2873 5304 tuisse
2916 5268 3062 5317 quam
3101 5256 3223 5317 patri
3250 5269 3385 5311 meo,
3412 5258 3550 5307 facile
3578 5260 3647 5308 est
3676 5256 3932 5319 cognitu

2340 5348 2459 5394 Nam
2487 5350 2535 5393 et
2552 5345 2695 5393 mtate
2713 5344 2920 5393 multum
2939 5343 3263 5405 discrepabat,
3277 5346 3327 5393 et
3345 5344 3534 5407 ingenio
3572 5344 3719 5394 multo
3740 5343 3923 5392 eti-n

2340 5433 2502 5495 magis.
2567 5432 2695 5482 Patri
2713 5444 2790 5481 res
2814 5444 2923 5482 suas
2955 5443 3092 5494 agere
3127 5430 3242 5480 satis
3259 5433 3364 5481 erat
3389 5450 3403 5482 ε
3433 5432 3756 5496 Aristophane·
3779 5437 3925 5478 nou·
