4467 6542
472 724 492 797 ¹1·
779 793 795 816 .
1030 712 1252 774 PRAEFATIO.

468 877 536 949 pro
554 853 701 948 ἀφεῖσθαι.
719 850 738 941 5
754 847 813 934 84,
831 847 879 933 43
900 848 1115 943 ὑπομείναιμεν
1132 870 1201 944 pro
1219 855 1388 942 ὑπομεῖναι.
1412 848 1432 939 5
1452 845 1532 937 105,
1554 846 1599 919 3ο
1622 852 1721 920 ταύτὰ
1740 874 1804 947 pro

468 979 575 1045 ταύτό.
590 1016 636 1026 -
655 971 784 1067 Areo'p.
801 972 820 1063 5
836 968 903 1066 39,
923 995 967 1066 ²7
987 984 1124 1067 transp.
1144 968 1247 1065 quod
1267 968 1454 1064 legebatur
1474 982 1529 1052 τῆς
1548 967 1684 1053 εὐταξίας
1703 979 1805 1069 ἐπιμε-

462 1099 591 1167 λεῖσθαι.
607 1135 655 1148 -
675 1099 729 1163 De
735 1093 865 1188 paces
889 1090 1002 1179 115,a
1020 1106 1156 1189 transp.
1176 1119 1243 1161 πον.
1260 1095 1340 1187 ἔχειν
1356 1120 1424 1187 νομ.
1439 1132 1488 1145 -
1506 1091 1584 1162 Hel.
1602 1118 1676 1163 ena.
1700 1096 1720 1187 5
1741 1093 1802 1181 61,

469 1219 513 1292 35
541 1222 811 1290 νεαταααλίσωνται
829 1240 898 1313 pro
920 1222 1000 1286 ἔπεα.
1018 1258 1066 1268 -
1096 1212 1361 1310 1311νί15357
1386 1191 1534 1292 Ἐλλησιν
1559 1216 1715 1287 restituit
1740 1242 1805 1314 pro

464 1368 538 1439 quo
560 1344 662 1441 prius
682 1340 874 1437 scripserat
892 1338 1010 1421 ἄλλοις.
1033 1340 1053 1431 5
1071 1337 1169 1435 43,9
1187 1344 1366 1415 ποιήσουσιν
1383 1362 1424 1408 ex
1444 1352 1520 1434 opt.
1542 1363 1610 1435 pro
1625 1347 1802 1418 ποιήσωσιν·

466 1508 515 1519 -
533 1465 689 1536 Panatlt.
709 1466 729 1557 5
754 1461 809 1553 13,
828 1490 847 1533 a
874 1470 1129 1561 μεσεγγνώματος
1156 1463 1308 1534 restituit
1326 1487 1393 1560 pro
1418 1470 1677 1561 μεσεγγυήματος.
1704 1466 1725 1557 5
1747 1465 1802 1561 37,

467 1590 513 1662 16
527 1586 763 1683 καταδεέστερον
781 1611 822 1658 cx
842 1601 917 1684 opt.
935 1611 1002 1683 pro
1019 1590 1123 1682 -ίμωα
1139 1588 1160 1679 5
1178 1585 1260 1674 155,
1283 1587 1327 1683 37
1352 1611 1469 1658 uncos
1489 1586 1641 1660 addidit.
1669 1591 1689 1682 5
1710 1612 1803 1677 coa,

468 1718 514 1799 ο4
532 1716 644 1784 ἐκείνου
659 1740 694 1808 γε
709 1735 778 1807 pro
795 1713 892 1781 ἐκεῖνό
906 1739 964 1806 γε,
991 1724 1089 1781 certa
1111 1710 1332 1806 conjectura.
1352 1753 1401 1763 —
1423 1710 1545 1782 Anttd.
1565 1714 1585 1805 5
1606 1709 1678 1801 5,·6
1695 1715 1805 1809 ἤνεγκα

466 1841 521 1932 μὲν
542 1860 611 1933 pro
627 1840 809 1932 ἠνέγκαμεν.
833 1835 853 1926 5
873 1833 931 1933 93,
946 1831 992 1905 35
1011 1840 1144 1930 ἐμαυτοῦ
1160 1858 1203 1904 ex
1222 1833 1327 1905 libris
1349 1858 1416 1930 pro
1436 1842 1538 1906 αὐτοῦ.
1559 1837 1579 1928 5
1598 1832 1804 1925 36,13οιἰδὶ

465 1956 550 2029 ταῦτ’
568 1962 658 2055 ἔχων,
676 1981 746 2055 pro
769 1953 832 2027 ott·
850 1960 890 2045 εἰ,
910 1972 1008 2027 certa
1028 1958 1252 2053 conjectura.
1276 1960 1296 2051 5
1324 1956 1404 2047 115,
1427 1982 1462 2030 11
1491 1960 1574 2030 ἀλλὰ
1595 1984 1664 2056 pro
1686 1964 1758 2031 ἀλλ’
1777 1969 1804 2029 ὁ.

464 2080 578 2175 5166,
590 2104 631 2151 21
650 2076 835 2150 καταόιῶναι
850 2103 918 2175 pro
934 2077 1014 2149 ίπιὸ.
1034 2081 1053 2172 5
1072 2081 1153 2176 178,
1172 2078 1216 2151 5ο
1239 2095 1374 2178 transp.
1391 2074 1671 2177 ποιοίμεθαὴμεῒς.
1694 2078 1803 2175 5153,

464 2202 511 2287 45
529 2201 764 2275 scribendum
779 2216 927 2273 τοιοῦτον.
945 2205 965 2296 5
982 2203 1063 2292 301,
1091 2203 1134 2276 13
1158 2202 1303 2301 scripsit
1323 2209 1392 2285 τοὺς
1408 2207 1459 2274 καὶ
1476 2206 1583 2302 μικρὰ,
1609 2203 1737 2277 addito
1753 2209 1802 2275 καί

465 2325 511 2396 de
522 2326 620 2422 conj.
634 2366 680 2380 -
702 2329 847 2422 Trapez.
870 2328 890 2419 5
908 2328 968 2411 4ο,
990 2323 1036 2396 38
1059 2349 1145 2395 cum
1166 2303 1337 2396 Dobreed
1360 2322 1595 2396 scribendum
1611 2349 1687 2396 esse
1700 2324 1801 2421 signi·

465 2446 548 2519 iicat
575 2455 655 2519 ὥστε
679 2452 722 2518 τὸ
747 2452 811 2543 μὲν
835 2460 983 2543 πρῶτον
1012 2450 1095 2544 παρὰ
1119 2454 1222 2544 μικρὸν
1240 2450 1351 2536 ἦλθον,
1379 2473 1422 2519 ex
1441 2449 1599 2542 vestigiis
1621 2448 1798 2528 codicum.

465 2574 560 2665 544,
574 2571 622 2657 48
637 2601 695 2666 μου
714 2595 780 2667 pro
799 2601 851 2667 μοι
866 2596 951 2642 eum
964 2572 1136 2670 Sauppio.
1152 2615 1197 2625 —
1215 2577 1337 2672 AEge'n.
1353 2574 1372 2665 5
1387 2568 1419 2662 5,
1431 2568 1474 2642 31
1489 2576 1555 2666 1115
1572 2570 1624 2657 13,
1644 2571 1689 2667 37
1706 2570 1800 2643 delet

465 2698 522 2792 γὰρ
539 2711 573 2767 et
591 2698 666 2766 ὄντα
687 2715 781 2767 cum·
791 2710 866 2793 opt.
886 2698 984 2789 544,
1012 2702 1053 2784 14
1078 2697 1156 2796 εἶχεν
1181 2722 1246 2794 pro
1271 2696 1365 2793 εἶχον,
1385 2696 1431 2767 de
1452 2696 1547 2793 conj.
1562 2739 1611 2751 -
1629 2697 1716 2768 Adv.
1734 2701 1798 2766 Eu·

466 2819 565 2913 τίμα.
584 2821 604 2912 5
626 2818 680 2905 13,
699 2824 747 2905 4ο
768 2816 863 2917 μηδὲν
881 2818 1019 2891 addidit
1044 2819 1089 2892 de
1113 2818 1264 2891 Bekkeri
1287 2818 1383 2915 conj.
1404 2822 1424 2913 5
1454 2817 1506 2908 15,
1536 2820 1556 2892 3
1584 2816 1713 2902 ἐλπίζειν
1733 2843 1794 2918 pro

465 2939 574 3023 ἤλπιζε
592 2965 675 3012 cum
697 2945 740 3013 H.
765 2940 911 3014 Wolfio.

506 3065 725 3162 scripsimus
743 3081 894 3137 exeunte
913 3065 1103 3137 Decembri
1126 3067 1381 3136 MDCCCXLV.
