4467 6542
714 685 827 737 226

710 803 829 881 περὶ
854 802 950 875 τὴν
978 805 1204 885 πατρίδα
1223 804 1485 875 ἠδίκηκεν.
1570 804 1704 863 Ἀλλ’
1735 808 1804 871 ὡς
1832 804 1978 863 ἔσται
2009 805 2258 885 βελτίων;

710 891 973 970 τοιγάρτοι
1002 894 1248 970 πρότερον
1291 892 1507 969 βελτίων
1538 890 1806 969 γενόμενος
1833 893 1951 972 περὶ
1983 894 2077 964 τὴν
2106 894 2258 952 πόλιν

711 976 923 1057 ὕστερον
966 979 1224 1056 βουλεύειν
1254 978 1498 1050 ἀξιούτω,
1527 980 1741 1059 φανερόν
1773 1003 1824 1037 τι
1859 981 2048 1053 ἀγαθὸν
2078 980 2255 1063 ὥσπερ

708 1064 826 1123 τότε
854 1066 1014 1123 κακὸν
1039 1065 1275 1135 ποιήσας.
1360 1065 1785 1147 Σο)’ρρονέστερον
1810 1066 1910 1147 γάρ
1935 1070 2071 1125 ἐστιν
2100 1068 2255 1126 ὕστε-

713 1173 797 1229 ρον
832 1160 963 1208 πᾶσι
993 1155 1097 1210 τῶν
1127 1152 1291 1231 ἔργων
1328 1151 1421 1217 τὰς
1463 1151 1682 1231 χάριτας
1731 1154 2052 1211 ἀποδιδόναι·
2094 1155 2257 1213 δεινὸν

635 1262 685 1300 ιο
711 1235 813 1316 γὰρ
842 1236 1015 1314 ἔμοιγε
1044 1240 1183 1297 δοκεῖ
1226 1229 1389 1309 εἶναι,
1430 1240 1475 1295 εἰ
1518 1238 1568 1303 ἐξ
1610 1229 1682 1295 ὧν
1715 1239 1807 1315 μὲν
1849 1241 1950 1310 ἤδη
1978 1240 2256 1319 ἡμάρτηκε
2307 1272 2310 1279 .,

714 1325 973 1401 μηδέποτε
995 1325 1446 1404 τιμωρηθήσεται,
1478 1324 1530 1393 ἐξ
1559 1315 1629 1382 ὧν
1651 1326 1705 1383 δὲ
1732 1325 1909 1402 μέλλει
1939 1318 1995 1383 εὗ
2025 1327 2258 1398 ποιήσειν
2298 1370 2310 1407 Ι.

713 1412 814 1484 ἤδη
838 1411 1190 1489 τετιμήσεται.
1276 1412 1368 1491 (25)
1398 1413 1535 1472 Ἀλλ’
1560 1404 1662 1491 ἀρα
1685 1410 1771 1470 ἵνα
1799 1412 2027 1492 βελτίους
2059 1404 2185 1472 ῶσιν
2211 1419 2258 1474 οἱ

711 1501 917 1558 πολῖται
942 1502 1155 1579 δρῶντες
1174 1499 1407 1580 ἅπαντας
1431 1499 1620 1576 ὁμοίως
1640 1500 1978 1577 τιμωμένους,
2003 1501 2087 1559 διὰ
2107 1509 2258 1562 τοῦτο

706 1584 1044 1661 δοκιμαστέον
1073 1586 1242 1658 ἐστίν;
1282 1585 1418 1644 ἀλλὰ
1443 1585 1670 1652 κίνδυνος
1697 1586 1786 1643 καὶ
1829 1584 1945 1653 τοὺς
1972 1586 2255 1665 χρηστούς,

706 1671 796 1729 ἐὰν
834 1670 1178 1731 αἰσθάνωνται
1224 1672 1414 1749 ὁμοίως
1449 1673 1567 1740 τοὺς
1616 1671 1867 1752 πονηροὺς
1905 1673 2252 1749 τιμωμένους,

704 1758 996 1817 παύσεσθαι
1023 1763 1127 1817 τῶν
1162 1762 1406 1839 χρηστῶν
1455 1758 1915 1835 ἐπιτηδευμάτων,
1943 1763 2047 1818 τῶν
2086 1764 2254 1819 αὐτῶν

702 1847 1019 1921 ἡγουμένους
1046 1836 1178 1903 εἶναι
1207 1847 1325 1913 τούς
1359 1868 1416 1904 τε
1448 1845 1637 1914 κακοὺς
1662 1855 1820 1922 τιμᾶν
1862 1848 1952 1903 καὶ
1992 1851 2094 1905 τῶν
2124 1851 2255 1926 ἀγα-

633 1948 680 1988 15
704 1937 805 1991 θῶν
834 1934 1174 2010 ἀμνημονεῖν.
1258 1934 1343 2013 (2⁶)
1366 1932 1529 2001 Ἄξιον
1557 1931 1611 1990 δὲ
1635 1933 1726 1990 καὶ
1746 1932 1861 1991 τόδε
1888 1935 2254 2008 ἐνθυμηθῆναι,

702 2019 781 2078 ὅτι
808 2023 852 2079 εἰ
877 2018 971 2096 μέν
993 2043 1070 2087 τις
1092 2020 1331 2101 φρούριόν
1353 2045 1404 2080 τι
1427 2019 1729 2099 προῦδωκεν
1758 2017 1793 2091 ἦ
1826 2024 1951 2078 ναῦν
1979 2019 2011 2090 ἢ
2036 2020 2256 2100 στρατό-

701 2107 857 2166 πεδόν
884 2130 964 2178 τι,
986 2109 1039 2165 ἐν
1066 2098 1109 2187 ᾧ
1137 2106 1291 2187 μέρος
1307 2130 1358 2165 τι
1377 2108 1629 2186 ἐτύγχανε
1652 2110 1753 2164 τῶν
1780 2109 2003 2164 πολιτῶν
2033 2107 2111 2178 ὄν,
2144 2117 2255 2175 ταῖς

703 2194 949 2274 ἐσχάταις
979 2193 1041 2251 ἂν
1067 2195 1276 2269 ζημίαις
1303 2196 1575 2270 ἐζημιοῦτο
1593 2238 1611 2268 ,
1642 2183 1785 2257 οὗτος
1808 2192 1859 2250 δὲ
1887 2192 2105 2270 προδοὺς
2126 2192 2251 2264 ὅλην

701 2281 796 2351 τὴν
821 2281 970 2339 πόλιν
1006 2282 1102 2359 οὐχ
1142 2279 1281 2348 ὅπως
1318 2277 1738 2359 τιμωρηθήσεται
1783 2279 2249 2357 παρασκευάζεται.

703 2368 891 2427 Καίτοι
912 2366 1120 2433 δικαίως
1145 2370 1195 2445 γ’
1227 2367 1287 2426 ἂν
1313 2367 1450 2433 ὅστις
1473 2369 1703 2446 φανερῶς
1725 2364 1899 2442 ὥσπερ
1922 2357 2064 2431 οἶτος
2089 2364 2251 2445 πρού·

702 2457 835 2514 δωκε
854 2454 949 2526 τὴν
976 2453 1262 2533 ἐλευθερίαν
1282 2498 1298 2529 ,
1331 2456 1387 2512 οὗ
1418 2452 1641 2533 περὶτοῦ
1662 2452 1940 2532 βουλεύειν,
1964 2452 2099 2511 ἀλλὰ
2125 2452 2246 2529 περὶ

700 2547 787 2600 τοῦ
833 2540 1089 2600 δουλεύειν
1138 2540 1227 2599 καὶ
1278 2545 1369 2612 τῆς
1424 2539 1670 2616 μεγίστης
1709 2540 1927 2620 ἀπορίας
1966 2540 2247 2611 ἐκκλησιά-

701 2631 861 2696 ζεται.

622 2734 675 2773 2ο
778 2734 851 2773 27.
897 2712 1093 2771 Ἀκούω
1122 2713 1167 2770 δ’
1214 2712 1367 2770 αὐτὸν
1403 2711 1570 2790 λέγειν
1598 2715 1694 2787 ὡς,
1733 2712 1781 2770 εί
1822 2735 1872 2770 τι
1912 2703 1978 2783 ἦν
2012 2712 2245 2788 ἀδίκημα

699 2800 759 2859 τὸ
792 2801 865 2877 μὴ
902 2798 1283 2879 παραγενέσθαι
1324 2801 1377 2857 ἐν
1415 2799 1595 2879 ἐκείνῳ
1636 2803 1711 2878 τῷ
1750 2803 1945 2877 καιρῷ,
1985 2800 2138 2876 νόμος
2181 2799 2245 2857 ἂν

698 2886 864 2945 ἔκειτο
889 2886 1008 2966 περὶ
1034 2888 1188 2943 αὐτοῦ
1217 2885 1520 2965 διαρρήδην,
1547 2886 1725 2965 ὥσπερ
1749 2887 1839 2945 καὶ
1863 2885 1982 2966 περὶ
2017 2892 2117 2944 τῶν
2148 2886 2242 2944 ἄλ-

696 2976 801 3031 λων
845 2974 1199 3050 ἀδικημάτων.
1300 2976 1381 3033 Οὐ
1426 2974 1526 3053 γὰρ
1567 2973 1727 3032 οἴεται
1777 2977 1911 3045 ὑμᾶς
1956 2972 2241 3051 γνώσεσθαι

697 3062 778 3118 ὅτι
802 3061 886 3118 διὰ
922 3060 982 3119 τὸ
1006 3059 1216 3136 μέγεθος
1257 3065 1348 3118 τοῦ
1391 3060 1712 3135 ἀδικήματος
1744 3062 1906 3127 οὐδεὶς
1938 3059 2055 3139 περὶ
2087 3063 2242 3118 αὐτοῦ

698 3147 895 3227 ἐγράφη
924 3147 1095 3223 νόμος.
1175 3146 1269 3212 Τίς
1296 3146 1396 3227 γὰρ
1433 3146 1493 3204 ἄν
1523 3169 1648 3204 ποτε
1679 3146 1850 3226 ῥήτωρ
1892 3146 2175 3221 ἐνεθυμήθη
2207 3146 2241 3217 ἢ

701 3235 977 3310 νομοθέτης
1022 3234 1239 3304 ἤλπισεν
1286 3232 1681 3313 ἁμαρτήσεσθαί
1720 3257 1834 3292 τινα
1879 3237 1981 3291 τῶν
2019 3235 2244 3290 πολιτῶν

695 3320 951 3391 τοσαύτην
981 3321 1272 3398 ἇμαρτίαν;
1304 3322 1393 3397 (28)
1427 3323 1507 3380 Οὖ
1531 3319 1630 3399 γὰρ
1651 3319 1712 3379 ἂν
1751 3320 1942 3391 δήπου,
1984 3321 2026 3376 εἰ
2057 3320 2149 3395 μέν
2174 3343 2248 3385 τις

620 3433 670 3469 τε,
697 3408 839 3466 λίποι
854 3408 946 3477 τὴν
972 3407 1112 3475 τάξιν
1141 3406 1214 3484 μὴ
1239 3409 1397 3478 αὐτῆς
1414 3411 1505 3477 τῆς
1527 3407 1724 3475 πόλεως
1752 3410 1804 3465 ἐν
1823 3406 2039 3485 κινδύνῳ
2067 3405 2244 3481 οὔσης,

697 3497 813 3554 ἀλλ’
857 3495 1057 3574 ἑτέρους
1101 3498 1171 3561 εἷς
1208 3501 1360 3553 τοῦτο
1401 3495 1752 3569 καθιστάσης,
1801 3494 1945 3565 ἐτέθη
1984 3493 2135 3570 νόμος
2173 3497 2243 3559 ὡς

697 3584 901 3661 μεγάλα
952 3585 1277 3658 ἀδικοῦντος,
1330 3584 1375 3640 εἰ
1417 3582 1473 3640 δέ
1512 3605 1587 3647 τις
1619 3584 1777 3651 αὐτῆς
1824 3587 1912 3651 τῆς
1950 3580 2147 3647 πόλεως
2189 3583 2240 3638 ἐν

695 3670 913 3751 κινδύνῳ
955 3669 1110 3738 οὔσης
1156 3668 1299 3727 λίποι
1353 3666 1469 3738 τὴν·
1498 3668 1645 3726 πόλιν
1690 3668 1884 3743 αὐτήν,
1916 3670 2009 3724 οὗκ
2038 3665 2100 3724 διν
2140 3666 2243 3743 ἄρα

695 3756 860 3828 ἐτέθη.
945 3758 1154 3835 Σφόδρα
1197 3755 1244 3831 γ’
1270 3754 1349 3826 ἄν,
1380 3754 1525 3820 εἴτις
1553 3752 1697 3834 ᾠήθη
1735 3752 1849 3811 τινὰ
1881 3757 1981 3810 τῶν
2017 3755 2242 3810 πολιτῶν

697 3841 1088 3921 ἁμαρτήσεσθαί
1115 3865 1164 3898 τι
1190 3840 1417 3899 τοιοῦτόν
1465 3864 1606 3899 ποτε.
1729 3841 1824 3916 (20)
1856 3839 1951 3904 Τίς
1983 3838 2025 3896 δ’
2055 3842 2147 3897 οὐκ
2176 3838 2237 3897 διν

696 3929 903 3995 εἰκότως
930 3927 1277 4004 ἐπιτιμήσειεν
1309 3929 1460 4004 ὑμῖν,
1492 3930 1538 3985 εἰ
1564 3926 1679 3993 τοὺς
1709 3925 1974 4000 μετοίκους
2003 3924 2119 4002 μέν,
2156 3926 2233 3982 ὅτι

696 4019 755 4074 οὗ
780 4014 915 4073 κατὰ
960 4015 1021 4073 τὸ
1056 4020 1316 4094 προσῆκον
1370 4016 1567 4079 ἑαυτοῖς
1592 4013 1880 4084 ἐὸοήθησαν
1926 4016 1998 4091 τῷ
2046 4012 2231 4088 δήμῳ,

618 4122 669 4157 :zo
697 4102 977 4178 ἐτιμήσατε
1006 4101 1156 4168 ἀξίως
1182 4107 1273 4171 τ’ἧς
1300 4100 1531 4175 πόλεως,
1561 4082 1736 4158 *oF-rou
1767 4100 1853 4169 δέ,
1883 4098 1960 4157 ὅτι
1996 4098 2139 4177 παρὰ
2181 4099 2240 4156 τὸ

694 4195 952 4268 προσῆκον
979 4193 1147 4268 ἑαυτῷ
1174 4188 1441 4267 προῦδωκε
1468 4188 1561 4258 τὴν
1583 4189 1763 4258 πόλιν,
1791 4186 1864 4261 μὴ
1896 4187 2170 4258 κολάσετε,
2196 4189 2241 4244 εἶ
2292 4235 2293 4248 ³

697 4277 772 4354 μή
805 4300 862 4354 γε
892 4277 1037 4355 ἄλλῳ
1064 4275 1161 4333 τινὶ
1190 4276 1413 4349 μείζονι,
1437 4279 1501 4352 τῇ
1542 4297 1600 4352 γε
1636 4273 1872 4352 παρούσῃ
1909 4273 2120 4351 ἀτιμία,
2151 4277 2235 4350 (³0)

698 4362 1084 4440 Ἀναμνήσθητε
1109 4362 1162 4419 δὲ
1191 4361 1254 4419 δι’
1288 4361 1318 4417 ὅ
1340 4384 1387 4419 τι
1409 4361 1533 4418 ποτὲ
1563 4360 1678 4426 τοὺς
1707 4358 1925 4436 ἀγαθοὺς
1948 4358 2133 4438 ἄνδρας
2159 4382 2241 4434 γι-

694 4451 931 4529 νομένους
950 4451 1069 4529 περὶ
1093 4449 1185 4520 τὴν
1210 4447 1359 4506 πόλιν
1379 4456 1564 4524 τιμᾶτε
1586 4447 1674 4505 καὶ
1699 4443 1813 4511 τοὺς
1841 4443 2027 4510 κακοὺς
2052 4445 2241 4521 ἀτιμά·

695 4543 826 4608 ζετε.
909 4537 1152 4615 Ἐδείχθη
1182 4534 1283 4616 γὰρ
1316 4534 1583 4614 ἀμφότερα
1616 4538 1784 4590 ταῦτα
1821 4534 1877 4590 οὗ
1905 4536 2005 4590 τῶν
2030 4555 2242 4609 γεγενη.

695 4627 860 4704 μένων
880 4626 1078 4704 μᾶλλόν
1114 4647 1162 4681 τι
1192 4623 1339 4682 ἕνεκα
1367 4619 1401 4691 ἢ
1434 4625 1533 4678 τῶν
1559 4618 1935 4701 γενησομένων,
1965 4618 2030 4676 ἵν’
2060 4619 2241 4697 ἀγαθοὶ

614 4738 666 4776 35
693 4717 1057 4794 προθυμῶνται
1084 4710 1312 4789 γίνεσθαι
1348 4712 1406 4767 ἐκ
1441 4712 1803 4788 παρασκευῆς,
1834 4706 1986 4764 κακοὶ
2013 4705 2065 4763 δὲ
2104 4706 2238 4781 μηδὲ

695 4803 744 4870 ἐξ
778 4803 885 4868 ἑνὸς
906 4800 1096 4881 τρόπου
1122 4799 1471 4877 ἐπιχειρῶσιν.
1557 4797 1645 4872 (31)
1674 4793 1801 4853 Ἔτι
1830 4794 1882 4851 δὲ
1920 4792 2240 4867 ἐνθυμήθητε

694 4891 853 4949 ποίων
883 4890 943 4949 ἂν
972 4892 1092 4963 ὑμῖν
1135 4888 1271 4945 δοκεῖ
1307 4876 1451 4949 οὗτος
1480 4883 1645 4965 ὅρκων
1692 4881 1985 4960 φροντίσαι,
2023 4880 2076 4945 ὃς
2104 4879 2239 4959 ἔργῳ

696 4978 809 5041 τοὺς
835 4976 1102 5055 πατρῴους
1132 4973 1272 5039 θεοὺς
1298 4971 1625 5051 προῦδωκεν;
1650 4969 1684 5039 ἢ
1705 4973 1814 5035 πῶς
1842 4968 1904 5026 ἂν
1936 4967 2161 5046 χρηστόν
2190 4991 2240 5024 τι

700 5065 971 5140 βουλεῦσαι
989 5061 1107 5139 περὶ
1127 5066 1217 5131 τῆς
1237 5062 1498 5124 πολιτείας
1517 5103 1533 5134 ,
1554 5058 1605 5125 ὃς
1633 5055 1747 5116 οὐδὲ
1778 5058 2120 5133 ἐλευθερῶσαι
2143 5052 2239 5122 τὴν

695 5149 921 5228 πατρίδα
949 5148 1233 5218 ἐὸουλήθη,
1265 5145 1298 5217 ἢ
1338 5156 1460 5205 ποῖα
1492 5145 1553 5203 ἂν
1598 5144 1865 5224 ἀπόρρητα
1895 5145 2149 5218 τηρῆσαι,
2182 5138 2234 5205 ὃς

698 5235 814 5295 οὐδὲ
859 5235 922 5292 τὰ
966 5234 1312 5314 προειρημένα
1355 5238 1571 5305 ποιῆσαι
1606 5233 1830 5307 ἠξίωσε,
1869 5233 1992 5294 Πῶς
2021 5227 2064 5285 δ’
2108 5227 2238 5293 εἰκός

700 5328 809 5382 ἐστι
834 5327 1031 5393 τοῦτον,
1058 5322 1109 5387 δς
1127 5323 1239 5380 οὐδὲ
1264 5323 1551 5386 τελευταῖος
1570 5321 1655 5378 ἐπὶ
1678 5319 1793 5384 τοὺς
1815 5315 2073 5379 κινδύνους
2091 5306 2233 5384 ἦλθε,

619 5422 671 5459 ⁴⁰
699 5410 945 5491 πρότερον
972 5412 1071 5465 τῶν
1113 5406 1578 5487 κατεργασαμένων
1618 5406 1708 5464 καὶ
1745 5403 1879 5463 οὕτω
1916 5405 2235 5478 συντιμηθῆ-

1791 678 2065 737 ΛΥΣΙΟΥ
2105 681 2154 737 Ο
2199 679 2401 741 ΚΑΤΑ
2449 683 2809 746 ΦΙΛΩΝΟΣ.

3613 694 3894 778 (osa-m)

2346 820 2480 880 quod
2506 822 2673 871 melior
2692 823 2809 872 fiet?
2826 825 3256 877 verumenimvero
3282 829 3542 893 postquam
3560 833 3734 884 melior
3753 835 3898 886 indm

2347 916 2489 965 suerit
2524 929 2635 979 erga
2671 918 2948 982 civitatem,
2986 924 3105 970 tunc
3140 936 3316 973 munus
3349 926 3649 977 senatorium
3688 930 3895 992 affectet,

2347 1015 2491 1061 notus
2508 1014 2570 1062 ob
2588 1014 2835 1064 benefacta
2849 1017 2972 1065 sicut
2994 1020 3043 1066 et
3060 1018 3192 1079 prius
3204 1019 3268 1068 ob
3286 1019 3542 1071 malefacta
3559 1023 3892 1077 innotesoebat.

2349 1110 2624 1159 consultius
2645 1115 2717 1160 est
2735 1113 2864 1160 enim
2881 1114 3056 1174 gratias
3071 1116 3178 1176 post
3197 1115 3322 1164 sacta
3340 1116 3607 1180 unicuique
3629 1123 3893 1184 rependere.

2344 1215 2465 1261 Nam
2483 1212 2600 1261 mihi
2618 1213 2806 1263 videtur
2824 1228 2926 1265 eme
2946 1215 3164 1278 iniquum
3177 1254 3192 1278 ,
3215 1219 3256 1267 ei
3277 1218 3343 1268 ob
3359 1233 3417 1269 ea
3433 1234 3546 1283 quoe
3563 1222 3665 1283 Jam
3693 1227 3895 1287 peccavit

2345 1329 2590 1380 nunquam
2608 1318 2850 1379 puniet-ur,
2870 1318 2934 1367 ob
2951 1332 3010 1368 ea
3028 1322 3187 1370 autern
3206 1335 3318 1385 quae
3335 1324 3596 1387 aliquando
3616 1326 3740 1377 bene
3756 1327 3897 1377 racin-

2344 1432 2427 1467 rus
2447 1420 2520 1468 est
2535 1420 2635 1480 iam
2654 1432 2781 1468 nunc
2798 1418 3080 1470 honoratur.
3143 1421 3242 1483 (25)
3276 1395 3371 1472 Sed
3390 1436 3517 1474 aune
3537 1428 3594 1474 ut
3612 1427 3760 1475 ceteri
3777 1428 3896 1477 cives

2344 1519 2563 1568 meliores
2591 1519 2736 1580 fiant,
2773 1531 2924 1581 quum
2964 1533 3131 1570 omnes
3161 1520 3370 1571 viderint
3403 1523 3583 1585 pariter
3617 1525 3893 1587 honoratos,

2342 1618 2450 1668 ideo
2484 1619 2574 1668 iste
2607 1620 2939 1682 approbandus
2974 1623 3081 1672 est?
3114 1623 3176 1672 At
3208 1622 3478 1685 periculum
3505 1627 3580 1675 est
3608 1639 3674 1675 ne
3703 1630 3753 1677 et
3788 1627 3894 1677 honi

2342 1720 2494 1782 cives,
2515 1721 2599 1770 ubi
2616 1719 2821 1770 viderint
2839 1722 2992 1771 malos
3008 1735 3170 1772 secum
3196 1724 3375 1785 pariter
3393 1725 3623 1775 honorari
3643 1763 3660 1789 ,
3679 1726 3742 1778 de
3766 1726 3896 1776 bonis

2340 1822 2439 1872 suis
2455 1822 2718 1873 rationibus
2739 1824 3012 1886 remittant,
3027 1824 3245 1874 arbitrati
3282 1826 3549 1876 eorundem
3568 1839 3674 1877 esse
3686 1830 3735 1878 et
3752 1829 3896 1879 malos

2293 1932 2294 1949 ¹
2342 1924 2574 1976 honorare
2607 1926 2657 1974 et
2678 1925 2915 1975 bonorum
2945 1926 3176 1975 oblivisci.
3241 1926 3341 1989 (26)
3367 1927 3498 1986 Quin
3527 1929 3691 1978 ethoc
3707 1943 3894 1993 quoque

2342 2027 2644 2087 reputemus,
2685 2025 2847 2089 quod,
2880 2025 2921 2075 si
2957 2026 3066 2088 quis
3100 2026 3381 2089 prodidisset
3420 2027 3497 2076 vel
3537 2027 3787 2078 castellum
3819 2029 3891 2079 vel

2340 2139 2511 2174 navem
2545 2125 2622 2175 vel
2652 2128 2834 2189 castra,
2873 2128 2955 2177 ubi
2986 2127 3084 2176 ulla
3115 2140 3223 2190 pars
3259 2127 3440 2178 civium
3482 2130 3826 2191 contineretur,
3854 2129 3894 2179 is

2340 2230 2555 2277 extrema
2574 2227 2732 2278 omnia
2758 2228 2985 2291 supplicia
3007 2228 3187 2278 subiret
3209 2247 3222 2277 ε
3247 2228 3335 2278 iste
3353 2241 3470 2277 vero
3482 2265 3497 2291 ,
3522 2228 3611 2279 etsi
3630 2229 3892 2279 univemm

2339 2330 2583 2380 civitatem
2610 2330 2843 2393 prodidit,
2889 2342 2985 2380 non
3013 2330 3053 2379 is
3085 2330 3157 2379 est
3188 2330 3271 2391 qui
3303 2329 3366 2378 de
3400 2343 3543 2392 poena
3568 2330 3812 2380 subeunda
3831 2332 3892 2380 sit

2301 2439 2302 2480 ὴ
2338 2431 2586 2481 sollicitus.
2650 2435 2876 2482 Attamen
2899 2432 3189 2495 quicumque
3208 2430 3476 2491 evidenter,
3495 2433 3551 2480 ut
3567 2432 3680 2493 iste,
3698 2431 3889 2481 liberta·

2337 2535 2435 2583 tem
2450 2533 2685 2596 prodidit,
2704 2534 2744 2584 is
2762 2533 2869 2595 jure
2890 2547 2986 2583 non
3005 2533 3065 2583 de
3091 2534 3320 2593 dignitate
3337 2534 3600 2589 senatoria.
3617 2532 3699 2583 sed
3714 2532 3776 2581 de
3791 2545 3903 2582 ser—

2336 2632 2490 2681 vitute
2508 2644 2791 2693 summaque
2814 2630 2972 2692 inopia
2999 2630 3366 2693 periclitaretur.

2398 2732 2476 2777 27.
2502 2726 2654 2777 Audio
2679 2727 2841 2774 autem
2863 2726 3008 2773 istum
3038 2724 3196 2773 dicere
3216 2723 3378 2785 quod,
3410 2723 3450 2772 si
3477 2724 3609 2773 nefas
3627 2725 3747 2773 emet
3763 2722 3935 2784 ejuc—

2294 2857 2298 2893 ς
2335 2827 2466 2878 modi
2485 2828 2761 2889 intempore
2787 2827 2954 2888 patrioe
2971 2825 3134 2874 deesse
3150 2861 3164 2886 ,
3183 2824 3244 2874 de
3269 2837 3328 2872 ea
3346 2836 3398 2874 re
3415 2823 3592 2873 diserte
3613 2824 3707 2874 lata
3730 2824 3975 2876 misse-t

2339 2926 2413 2974 lex
2429 2961 2443 2986 ,
2463 2924 2867 2987 quemadmodum
2889 2923 2950 2972 de
2969 2922 3138 2972 ceteris
3163 2921 3424 2972 maleficiis.
3475 2923 3744 2972 Arbitratur
3764 2920 3974 2973 cuitu

2339 3039 2425 3074 vos
2471 3026 2651 3073 nescire
2689 3024 2818 3087 quod
2855 3024 3049 3086 propter
3083 3021 3464 3084 magnitudinem
3500 3021 3658 3082 flagitii
3701 3020 3764 3069 de
3797 3020 3977 3073 lim-⁴:

2338 3119 2466 3168 nulia
2491 3119 2552 3168 sit
2581 3119 2675 3167 lata
2695 3118 2784 3166 lex.
2806 3122 2927 3167 Nam
2950 3117 3058 3180 quis
3075 3118 3161 3165 aut
3183 3118 3347 3164 orator
3373 3116 3641 3176 cogitasset,
3658 3114 3974 3175 aunegis-

2336 3212 2459 3261 lator
2481 3213 2822 3273 exspectasset,
2845 3210 3019 3258 civium
3059 3220 3333 3270 quenquam
3368 3208 3466 3255 tale
3499 3207 3680 3256 facinus
3714 3206 3976 3260 admins-

2337 3315 2536 3363 surum?
2599 3313 2697 3374 (28)
2724 3316 2830 3361 Non
2856 3312 2985 3361 enim
3004 3312 3245 3373 profecto,
3265 3312 3304 3359 si
3330 3312 3439 3373 quis
3468 3310 3728 3360 deseruerit
3752 3308 3974 3362 σα·

2337 3421 2474 3467 nem,
2494 3419 2646 3468 quum
2674 3405 2839 3453 civitas
2866 3417 2962 3452 non
2986 3404 3087 3465 ipsa
3106 3403 3154 3451 in
3175 3402 3389 3465 periculo
3417 3405 3650 3463 versetur,
3666 3401 3748 3451 sed
3767 3403 3817 3451 al
3844 3404 3974 3455 ἰοῦ

2337 3502 2386 3551 in
2431 3501 2695 3563 periculum
2729 3499 2968 3560 adducat,
3004 3498 3103 3547 lata
3137 3497 3302 3546 fuisset
3336 3496 3419 3546 lex
3450 3499 3677 3558 tanquam
3712 3495 3799 3544 deli
3822 3502 3970 3548 «zio

2335 3597 2464 3658 gravi
2482 3595 2715 3656 admisso;
2752 3595 2824 3642 sin
2843 3595 3006 3642 autem
3041 3591 3151 3654 quis
3172 3590 3417 3640 civitatem
3441 3576 3589 3653 ipsam
3607 3590 3654 3638 iu
3677 3588 3963 3651 pede-mlo

2285 3666 2296 3719 Γ
2336 3695 2602 3742 versantem
2619 3689 2905 3748 deseruerit,
2931 3691 3036 3738 tum
3058 3688 3154 3736 lata
3178 3700 3274 3735 non
3293 3686 3476 3736 fuisset.
3502 3684 3706 3735 Omnino
3722 3684 3956 3736 flii-Q&

2334 3786 2456 3846 lata,
2481 3785 2520 3834 si
2557 3784 2664 3846 quis
2690 3783 2917 3845 potuisset
2940 3782 3216 3843 exspectare
3247 3780 3344 3828 tale
3375 3779 3602 3827 facinusa
3637 3791 3945 3841 quoqu-am

2334 3879 2509 3928 civium
2525 3877 2782 3926 admissum
2809 3875 2884 3923 iri.
2949 3875 3047 3936 (29)
3078 3876 3186 3923 Jam
3218 3872 3326 3934 quis
3351 3885 3439 3921 vos
3461 3884 3556 3920 non
3582 3870 3690 3932 jure
3721 3871 3932 3920 inere·

2335 3976 2467 4037 paret
2485 3974 2553 4034 si,
2574 3985 2725 4035 quum
2744 3970 3002 4033 inquilinos
3036 3968 3119 4031 qui
3147 3969 3325 4031 praeter
3354 3968 3570 4017 debitum
3588 3966 3759 4030 populo
3822 3965 3921 4027 opi-

2333 4070 2472 4121 tulati
2492 4070 2629 4129 sunt,
2655 4065 2998 4116 honoraveritis
3021 4066 3077 4114 ut
3109 4062 3454 4125 rempublicam
3482 4061 3905 4121 decemuiratum,

2333 4165 2462 4229 quod
2486 4166 2657 4227 praeter
2674 4162 2885 4211 osticium
2908 4159 3149 4209 civitatem
3171 4156 3461 4222 prodiderit,
3487 4169 3584 4206 non
3611 4152 3889 4213 mulcta-us,

2331 4264 2405 4309 sin
2433 4259 2591 4307 minus
2615 4254 2782 4316 majori
2806 4252 3068 4315 supplicio,
3100 4253 3151 4299 at
3185 4250 3354 4300 saltem
3379 4262 3437 4299 eo
3458 4247 3766 4299 dedeoerede
3797 4256 3878 4305 qm

2332 4352 2411 4402 hic
2459 4351 2642 4412 agitur?
2707 4346 2808 4410 (30)
2844 4342 3200 4403 Recordemini,
3241 4354 3438 4404 quaeao,
3472 4352 3678 4403 quanam
3714 4336 3865 4387 mate

2332 4450 2482 4499 bonos
2500 4446 2629 4494 cives
2647 4444 2825 4491 honore
2838 4478 2853 4502 ,
2874 4439 3024 4489 malos
3042 4435 3299 4500 ignominia
3315 4436 3548 4485 afficiatis.
3611 4435 3853 4490 Uti-mill·

2331 4545 2458 4595 enim
2482 4541 2754 4593 institutum
2781 4537 2853 4585 est
2881 4548 2977 4584 non
3007 4531 3156 4594 magis
3189 4530 3539 4594 pra-teritorum
3560 4526 3704 4589 gratia
3722 4531 3841 4585 qim

2331 4643 2630 4697 futurorum,
2666 4637 2720 4685 ut
2754 4645 2926 4694 nempe
2958 4629 3108 4679 nostri
3148 4626 3308 4676 dedita
3343 4638 3488 4688 opera
3521 4624 3723 4673 nitantur
3744 4611 3838 4667 boni

2330 4737 2458 4786 cives
2475 4746 2602 4794 osse,
2630 4729 2742 4779 mali
2768 4727 2900 4776 nulla
2921 4735 3114 4786 prorsus
3133 4722 3317 4769 ratione
3347 4731 3449 4769 eme
3464 4719 3702 4766 conentur.
3751 4705 3835 4771 (³¹)

2331 4830 2404 4881 Ad
2428 4828 2557 4887 haec,
2578 4823 2781 4884 cogitate
2799 4819 3047 4880 cujusnam
3069 4812 3329 4876 juramenti
3348 4811 3388 4861 is
3405 4809 3618 4860 videatur
3642 4803 3839 4856 ration!

2329 4922 2578 4973 habiturus
2594 4954 2608 4977 ,
2633 4915 2713 4977 qui
2731 4927 2781 4961 re
2800 4913 2900 4973 ipsa
2920 4906 3099 4971 patrios
3123 4904 3237 4954 deos
3253 4901 3492 4966 prodidit;
3520 4900 3594 4951 vel
3610 4911 3699 4963 quo
3716 4889 3843 4959 1¹8³&

2330 5014 2601 5079 reipublicae
2619 5010 2739 5058 bene
2769 5004 3097 5062 consulturuS,
3117 4998 3200 5061 qui
3229 4997 3433 5059 patriam
3460 5009 3521 5045 ne
3542 4981 3847 5050 h'lioeaqu‘

2328 5113 2438 5161 (lem
2460 5107 2641 5166 voluit;
2662 5103 2737 5152 vei
2757 5108 2977 5161 quaenam
3003 5104 3177 5142 aroana
3197 5091 3498 5148 servaturus,
3517 5086 3598 5149 qui
3619 5097 3676 5135 ne
3690 5073 3858 5131 Μ

2328 5205 2522 5271 quidem
2535 5198 2780 5252 enuntiata
2795 5192 2972 5255 legibus
2987 5190 3140 5238 facere
3157 5183 3379 5245 suscepit.
3443 5182 3538 5240 Qut
3559 5190 3665 5228 vero
3680 5159 3866 5223 doceri!

2328 5324 2438 5361 eum
2471 5307 2552 5370 qui
2584 5317 2644 5353 ne
2669 5301 2868 5350 ultimus
2888 5293 3083 5357 quidem
3107 5288 3236 5340 venit
3258 5286 3321 5335 ad
3343 5283 3579 5348 pericula,
3601 5279 3648 5328 in
3671 5261 3871 5324 nmio-‘¹‘

2326 5408 2443 5466 bus,
2463 5403 2613 5463 iisque
2639 5396 2808 5455 tantis,
2829 5386 3125 5441 conterendis
3142 5380 3408 5447 praehaberi
3430 5378 3488 5429 iis
3504 5373 3637 5439 ipsis,
3657 5357 3879 5434 quoru*
