4467 6542
692 683 802 734 ¹66

689 895 829 946 σθαι.
876 889 970 955 Τίς
991 889 1093 968 γάρ
1118 891 1256 946 ἐστιν
1279 887 1422 954 ἐλπὶς
1445 887 1560 954 τοὺς
1583 888 1769 955 ἄλλους
1793 888 2053 959 ἐθελήσειν
2071 891 2235 947 ποιεῖν

689 975 756 1034 τὰ
800 976 901 1034 ὑπὸ
944 978 1046 1033 τῶν
1093 977 1393 1054 στρατηγῶν
1435 975 1887 1053 προσταττόμενα,
1927 974 2052 1034 ὅταν
2093 977 2239 1035 αὐτοὶ

691 1056 830 1121 οὗτοι
853 1061 968 1127 τοὺς
990 1064 1343 1137 ἀκοσμοῦντας
1370 1060 1549 1129 σώζειν
1579 1065 1885 1142 πειρῶνταις
1970 1061 2058 1141 (22)
2094 1062 2240 1140 Ἐγὼ

610 1175 662 1213 as
690 1152 855 1210 τοίνυν
879 1149 1034 1220 ἀξιῶ,
1066 1148 1128 1207 ἂν
1159 1146 1250 1225 μὲν
1275 1148 1609 1217 ἀποδείξωσιν
1634 1154 1680 1208 οῖ
1702 1149 1935 1225 λέγοντες
1962 1151 2051 1209 καὶ
2074 1149 2242 1209 αἰτού·

691 1261 835 1317 μενοι
863 1236 990 1317 ὑπὲρ
1017 1234 1337 1296 Ἀλκιὸιάδου
1367 1240 1435 1301 ὡς
1458 1236 1837 1315 ἐστρατεύσατο
1860 1239 1913 1295 ἐν
1949 1245 2055 1303 τοῖς
2089 1236 2239 1297 ὁπλί-

688 1348 800 1391 ταις
830 1323 865 1394 ἢ
888 1327 957 1390 ὡς
979 1321 1163 1380 ἵππευε
1193 1320 1654 1400 δεδοκιμασμένος,
1677 1323 2125 1403 ἀποψηφίσασθαι·
2150 1323 2240 1384 ἐὰν

690 1412 744 1470 δὲ
774 1409 935 1489 μηδὲν
960 1408 1161 1488 ἔχοντες
1184 1407 1379 1467 δίκαιον
1406 1406 1682 1468 κελεύωσιν
1708 1412 1878 1476 αὑτοῖς
1908 1410 2239 1491 χαρίζεσθαι,

691 1503 982 1575 μεμνῆσθαι
1005 1495 1109 1576 χρὴ
1135 1495 1214 1553 ὅτι
1244 1494 1571 1555 διδάσκουσιν
1591 1500 1724 1573 ὑμᾶς
1743 1500 2000 1578 ἐπιορκεῖν
2023 1497 2113 1556 καί
2137 1500 2241 1563 τοῖς

688 1585 860 1661 νόμοις
887 1583 961 1660 μὴ
990 1583 1283 1656 πείθεσθαι,
1308 1582 1399 1641 καὶ
1426 1582 1505 1641 ὅτι
1532 1583 1649 1642 λίαν
1676 1583 1953 1663 προθύμως
1990 1588 2097 1649 τοῖς
2134 1585 2242 1641 ἀδι·

690 1677 837 1731 κοῦσι
878 1675 1180 1749 βοηθοῦντες
1206 1669 1424 1737 πολλοὺς
1450 1673 1553 1729 τῶν
1582 1672 1752 1728 αὐτῶν
1784 1670 1947 1749 ἔργων
1975 1672 2240 1748 ἐπιθυμεῖν

696 1759 1012 1830 ποιήσουσιν.

763 1865 835 1905 23.
880 1845 1153 1921 Θαυμάζω
1183 1846 1237 1902 δὲ
1278 1844 1508 1920 μάλιστα
1529 1889 1546 1918 ,
1582 1834 1626 1903 ὦ
1661 1844 1841 1922 ἄνδρες
1879 1844 2151 1916 δικασταί,
2193 1843 2242 1902 εἴ

684 1956 760 1997 τις
788 1935 931 2007 ὑμῶν
965 1930 1052 1988 τὸν
1098 1928 1426 1999 Ἀλκιὸιάδην
1473 1928 1678 1997 ἀξιώσει
1709 1930 1794 1988 διὰ
1831 1930 1925 2007 μὲν
1967 1929 2084 1997 τοὺς
2115 1935 2239 2011 βοη-

608 2039 661 2076 ⁴⁰
685 2024 893 2085 θοῦντας
916 2019 1168 2086 σώζεσθαι
1191 2062 1208 2093 ,
1235 2015 1318 2074 διὰ
1342 2015 1395 2073 δὲ
1420 2014 1513 2086 τὴν
1536 2020 1695 2075 αὑτοῦ
1722 2017 1974 2095 πονηρίαν
2004 2017 2078 2094 μὴ
2104 2022 2238 2077 ἀπο-

684 2106 881 2165 λέσθαι.
962 2093 1065 2170 Ἦς
1088 2104 1227 2171 ἄξιον
1252 2107 1385 2177 ὑμᾶς
1406 2106 1651 2175 ἀκοῦσαι,
1671 2100 1738 2159 ἵν’
1760 2104 2038 2176 ἐπίστησθε
2056 2105 2133 2163 ὅτι
2146 2107 2239 2164 οὐκ

689 2192 751 2250 ἂν
775 2191 982 2258 εἰκότως
1013 2193 1169 2248 αὐτοῦ
1193 2189 1600 2269 ἀποψηφίζοισθε
1617 2234 1633 2260 ,
1660 2193 1732 2255 ὡς
1759 2196 1927 2248 ταῦτα
1953 2188 2049 2267 μὲν
2072 2192 2238 2269 ἦμαρ·
2275 2182 2276 2193 ’

686 2280 930 2352 τηκότος,
956 2278 1022 2336 τὰ
1052 2276 1097 2335 δ’
1126 2277 1262 2335 ἄλλα
1290 2277 1501 2335 πολίτου
1527 2282 1759 2355 χρηστοῦ
1786 2275 2149 2354 γεγενημένον
2178 2279 2238 2334 ἐκ
2277 2352 2278 2358 1

686 2365 787 2444 γὰρ
824 2369 926 2423 τῶν
955 2365 1127 2423 ἄλλων
1168 2366 1271 2420 τῶν
1315 2363 1483 2441 τούτῳ
1519 2363 1897 2440 πεπραγμένων
1927 2362 2137 2429 δικαίως
2173 2363 2237 2421 ἂν

688 2454 843 2511 αὐτοῦ
864 2451 1080 2510 θάνατον
1110 2450 1563 2530 καταψηφίζοισθε.
1636 2451 1723 2528 (24)
1758 2449 2024 2529 Προσήκει
2052 2452 2095 2508 δ’
2116 2453 2235 2528 ὑμῖν

586 2540 802 2619 lump}
823 2540 992 2597 αὐτῶν
1012 2536 1217 2595 εἰδέναι·
1241 2535 1419 2607 ἐπειδὴ
1446 2535 1547 2616 γὰρ
1569 2535 1659 2594 καὶ
1681 2538 1783 2593 τῶν
1810 2536 2237 2613 ἀπολογουμένων

686 2626 1001 2705 ἀποδέχεσθε
1042 2622 1293 2702 λεγόντων
1321 2621 1413 2689 τὰς
1442 2621 1688 2704 σφετέρας
1725 2624 1895 2680 αὐτῶν
1933 2622 2118 2702 ἀρετὰς
2146 2622 2237 2682 καὶ

690 2714 774 2779 τὰς
800 2716 902 2771 τῶν
927 2712 1192 2792 προγόνων
1219 2707 1510 2788 εὐεργεσίας
1528 2752 1546 2786 ,
1573 2709 1705 2775 εἰκὸς
1732 2711 1865 2785 ὑμᾶς
1894 2708 1984 2767 καὶ
2009 2713 2111 2767 τῶν
2140 2733 2237 2768 κα-

684 2800 915 2877 τηγόρων
948 2802 1260 2879 ἀκροᾶσθαι,
1303 2796 1391 2855 ἐὰν
1437 2796 1763 2875 ἀποφαίνωσι
1804 2795 1921 2862 τοὺς
1959 2794 2238 2875 φεύγοντας

684 2885 853 2944 πολλὰ
873 2888 942 2951 εἰς
963 2888 1099 2962 ὑμᾶς
1120 2880 1491 2962 ἡμαρτηκότας
1514 2882 1604 2940 καὶ
1630 2881 1746 2949 τοὺς
1763 2881 2041 2961 προγόνους
2065 2885 2235 2941 αὐτῶν

682 2973 887 3030 πολλῶν
923 2975 1099 3030 κακῶν
1134 2970 1325 3034 αἰτίους
1352 2970 1738 3046 γεγενημένους.
1826 2970 1915 3046 (25)
1948 2961 2114 3036 Οὗτος
2136 2968 2238 3049 γὰρ

613 3081 639 3117 5
684 3058 806 3124 παῖς
833 3058 928 3134 μὲν
964 3055 1037 3115 ὢν
1064 3060 1192 3137 παρ’
1217 3055 1525 3135 Ἀρχεδήμῳ
1565 3059 1641 3135 τῷ
1668 3056 1937 3133 γλάμωνι,
1966 3057 2061 3114 οὐκ
2086 3056 2238 3133 ὀλίγα
2278 3120 2279 3124 Ἰ

683 3149 782 3203 τῶν
811 3145 1071 3226 ὑμετέρων
1102 3142 1418 3225 ὑφῃρημένῳ
1436 3187 1455 3220 ,
1480 3144 1687 3201 πολλῶν
1715 3141 1951 3223 ὁρώντων
1976 3143 2117 3202 ἔπινε
2141 3143 2235 3220 μὲν

683 3232 783 3290 ὑπὸ
806 3236 881 3311 τῷ
909 3234 1053 3311 αὐτῷ
1077 3230 1272 3309 ἱματίῳ
1312 3229 1713 3306 κατακείμενος,
1754 3228 1990 3305 ἐκώμαζε
2022 3229 2076 3289 δὲ
2121 3236 2235 3308 μεθ’

680 3319 902 3399 ἡμέραν,
929 3317 1120 3389 ἄνηὸος
1140 3316 1349 3396 ἑταίραν
1379 3316 1537 3394 ἔχων,
1568 3314 1883 3393 μιμούμενος
1911 3316 2027 3384 τοὺς
2052 3320 2234 3377 ἑαυτοῦ

683 3406 959 3485 προγόνους
974 3450 992 3482 ,
1016 3406 1105 3465 καὶ
1126 3405 1407 3482 ἡγούμενος
1421 3406 1513 3463 οὗκ
1537 3403 1600 3461 ἂν
1614 3403 1862 3462 δύνασθαι
1886 3404 2237 3483 πρεσὸύτερος

682 3491 754 3550 ὢν
774 3492 1009 3573 λαμπρὸς
1033 3491 1297 3569 γενέσθαι,
1332 3493 1377 3547 εἰ
1406 3489 1481 3566 μὴ
1505 3490 1614 3557 νέος
1634 3486 1707 3548 ὢν
1728 3490 2077 3569 πονηρότατος
2104 3491 2235 3560 δόξει

681 3569 827 3637 εἶναι.
912 3581 1001 3658 (20)
1034 3577 1388 3657 Μετεπέμφθη
1438 3578 1483 3634 δ’
1530 3576 1630 3635 ὑπὸ
1660 3577 2015 3650 ’Λλκιὸιάδου,
2054 3576 2234 3649 ἐπειδὴ

680 3667 910 3744 φανερῶς
955 3665 1293 3744 ἐξημάρτανε.
1379 3662 1562 3723 Καίτοι
1603 3662 1750 3721 ποῖόν
1782 3686 1897 3721 τινα
1936 3662 2042 3743 χρὴ
2080 3663 2235 3723 αὐτὸν

606 3771 655 3807 ιο
680 3754 764 3831 ὑφ’
788 3754 934 3827 ὑμῶν
963 3752 1258 3828 νομίζεσθαι
1287 3740 1450 3827 εἶναι,
1475 3748 1613 3817 ὅστις
1642 3750 1868 3830 κάκείνῳ
1894 3752 2089 3809 τοιαῦτ’
2119 3751 2234 3810 ἐπι·
2281 3777 2284 3778 ’

681 3837 912 3907 τηὸεύων
947 3838 1274 3910 διεὸέὸλητο,
1310 3835 1363 3903 ὃς
1403 3836 1520 3903 τοὺς
1557 3836 1743 3904 ἄλλους
1781 3840 1929 3896 ταῦτ’
1958 3837 2231 3916 ἐδίδασκες

683 3925 835 3984 Μετὰ
874 3925 1136 4001 Θεοτίμου
1176 3926 1230 3983 δὲ
1278 3922 1649 3989 ἐπιδουλεύσας
1688 3928 1763 4002 τῷ
1808 3924 1969 4005 πατρὶ
2014 3924 2232 4004 Ὠρεοὺς

680 4011 996 4088 προῦδωκεν.
1041 4011 1111 4071 ‘O
1134 4012 1188 4069 δὲ
1216 4008 1541 4091 παραλαὸὼν
1564 4008 1623 4068 τὸ
1646 4008 1835 4089 χωρίον
1863 4009 2111 4090 πρότερον
2137 4011 2231 4087 μὲν

681 4097 883 4177 ὕὸριζεν
923 4099 1076 4156 αὐτὸν
1105 4101 1294 4177 ὡραῖον
1323 4097 1480 4167 ὄντα,
1509 4097 1761 4155 τελευτῶν
1790 4095 1843 4154 δὲ
1874 4097 2035 4169 δήσας
2076 4097 2234 4178 ἀργύ·

682 4207 788 4262 ριον
808 4183 1192 4261 εἰσεπράττετο.
1242 4185 1330 4259 (27)
1354 4181 1423 4243 ‘O
1439 4181 1492 4240 δὲ
1514 4182 1689 4263 πατὴρ
1711 4182 1867 4241 αὐτὸν
1887 4183 2047 4251 οὕτως
2061 4184 2229 4260 ἐμίσει

680 4272 906 4353 σφόδρα,
939 4270 1061 4329 ὥστ’
1086 4270 1190 4329 οὐδ’
1220 4269 1284 4327 ἂν
1312 4269 1649 4337 ἀποθανόντος
1677 4269 1871 4351 ἔφασκε
1896 4270 1964 4329 τὰ
1985 4273 2116 4330 ὀστᾶ
2141 4294 2228 4330 κο-

600 4373 652 4414 ts
681 4358 955 4435 μίσασθαι.
999 4361 1048 4418 Τ
1050 4356 1416 4428 ελευτήσαντος
1435 4358 1482 4414 δ’
1505 4356 1699 4416 ἐκείνου
1720 4356 1941 4436 ἐραστὴς
1962 4357 2231 4435 γενόμενος

682 4445 1018 4527 Ἀρχεὸιάδης
1046 4444 1198 4504 αὐτὸν
1221 4443 1462 4504 ἐλύσατο.
1509 4446 1589 4503 Οὔ
1616 4446 1793 4523 πολλῷ
1817 4443 1871 4502 δὲ
1890 4444 2061 4524 χρόνῳ
2085 4445 2231 4504 ὕστε-

680 4557 767 4613 ρον
791 4532 1185 4598 κατακυὸεύσας
1204 4530 1269 4589 τὰ
1288 4529 1430 4603 ὄντα,
1449 4533 1509 4590 ἐκ
1536 4535 1736 4603 Λευκῆς
1754 4534 1913 4602 ἀκτῆς
1932 4532 2231 4612 ὁρμώμενος

678 4621 795 4688 τοὺς
818 4621 993 4702 φίλους
1012 4618 1391 4688 κατεπόντιζεν.
1440 4617 1529 4695 (28)
1552 4618 1700 4678 ‘'0⁶oe
1731 4617 1825 4695 μὲν
1848 4609 1955 4690 οὖν,
1983 4643 2026 4677 ω
2050 4618 2229 4699 ἄνδρες

680 4707 948 4781 δικασταί,
973 4705 1007 4776 ἢ
1032 4709 1100 4773 εἰς
1131 4704 1242 4772 τοὺς
1269 4702 1481 4771 πολίτας
1506 4703 1541 4776 ἢ
1567 4708 1636 4768 εἰς
1669 4702 1784 4770 τοὺς
1810 4704 2023 4771 οἰκείους
2046 4704 2080 4776 ἢ
2109 4707 2228 4786 περὶ

680 4795 792 4861 τοὺς
820 4798 974 4853 αὑτοῦ
1006 4790 1228 4862 ξένους-ἣ
1256 4790 1375 4871 περὶ
1402 4789 1519 4858 τοὺς
1559 4790 1744 4856 ἄλλους
1780 4788 2084 4869 ἡμάρτηκε,
2124 4813 2227 4865 μα·

678 4881 798 4960 κρὸν
825 4881 884 4939 ἂν
906 4880 985 4951 εἴη
1006 4878 1188 4958 λέγειν·
1214 4876 1507 4944 Ἱππόνικος
1536 4876 1590 4935 δὲ
1609 4874 1829 4941 πολλοὺς
1856 4875 2228 4955 παρακαλέσας

679 4967 932 5047 ἐξέπεμψε
960 4966 1052 5037 τὴν
1091 4970 1246 5024 αὑτοῦ
1283 4969 1531 5043 γυναῖκα,
1564 4963 1779 5045 φάσκων
1814 4967 1992 5020 τοῦτον
2032 4964 2103 5029 ὡς
2134 4965 2226 5021 οὐκ

598 5079 650 5115 20
679 5056 894 5135 ἀδελφὸν
937 5056 1122 5125 αὐτῆς,
1149 5056 1263 5112 ἀλλ’
1293 5057 1362 5119 ὡς
1403 5053 1564 5133 ἄνδρα
1603 5050 1799 5122 ε’κείνης
1826 5052 1896 5117 εἷς
1926 5047 2020 5121 τὴν
2056 5049 2221 5108 οἰκίαν

679 5142 890 5202 εἰσιέναι
917 5140 1011 5211 τὴν
1041 5144 1214 5199 αὑτοῦ.
1299 5143 1390 5219 (29)
1429 5141 1535 5202 Καὶ
1559 5140 1757 5198 τοιαῦθ’
1786 5137 2110 5218 ἡμαρτηκότι
2134 5136 2223 5195 καὶ

677 5230 811 5290 οὕτω
841 5227 980 5287 δεινὰ
1001 5229 1089 5286 καὶ
1111 5227 1281 5285 πολλὰ
1315 5228 1401 5286 καὶ
1422 5226 1626 5306 μεγάλα
1651 5226 1957 5297 πεποιηκότι
1980 5223 2095 5283 οὔτε
2119 5227 2221 5283 τῶν

680 5315 1055 5397 πεπραγμένων
1107 5318 1247 5395 αὐτῷ
1298 5315 1577 5391 μεταμέλει
1622 5314 1739 5373 οὔτε
1779 5316 1880 5370 τῶν
1928 5311 2221 5389 μελλόντων

681 5406 901 5466 ἔσεσθαι.
932 5403 1033 5463 6Ον
1065 5405 1260 5480 μᾶλλον
1290 5402 1392 5461 ἔδει
1411 5403 1767 5480 κοσμιώτατον
1788 5392 1918 5460 εἶναι
1942 5402 2044 5458 τῶν
2070 5401 2217 5457 πολι-

1641 672 1921 732 ΛΥΣΙΟΥ
1962 673 2011 732 0
2057 673 2259 733 ΚΑΤΑ
2303 676 2767 741 ΑΛΚΙΒΙΑΔΟΥ
2800 684 2871 741 Α.

688 801 782 872 τὴν
820 801 962 869 τάξιν
991 810 1295 880 κατηγορεῖν
1328 800 1363 870 ἢ
1393 800 1522 880 ὑπὲρ
1552 803 1651 858 τῶν
1694 802 1937 859 τοιούτων
1965 804 2238 880 ἀπολογεῖ·
2275 818 2276 823 ’

3605 688 3884 773 (ιιι-ω)

2329 818 2532 868 sertores
2554 820 2776 869 ordinum
2796 833 3021 871 accusare
3037 834 3183 884 quam
3201 835 3369 874 eorum
3399 837 3601 876 eausam
3618 826 3882 881 dandae.

2331 910 2456 967 Quid
2492 914 2619 961 enim
2643 914 2743 976 spei
2765 916 2836 964 est
2867 918 3050 965 ceteros
3081 917 3305 968 mandata
3333 918 3518 970 ductim
3540 924 3879 985 exsecuturos,

2330 1004 2522 1063 quando
2541 1005 2610 1054 illi
2638 1007 2724 1069 ipsi
2744 1020 2936 1058 servare
2954 1011 3175 1072 satagunt
3195 1012 3477 1063 militarium
3498 1013 3664 1077 legum
3685 1016 3883 1067 violato·

2330 1098 2436 1144 res?
2499 1098 2596 1159 (22)
2618 1100 2696 1149 Sic
2731 1100 2872 1162 igitur
2904 1103 3064 1152 statuo
3088 1104 3161 1153 :ai
3191 1104 3327 1168 iiqui
3348 1118 3438 1167 pro
3460 1106 3709 1159 Alcibiade
3728 1108 3884 1172 depre-

2330 1190 2518 1251 cantur,
2551 1191 2749 1254 eJusque
2783 1206 2976 1243 causam
3009 1198 3184 1258 agunt,
3221 1198 3452 1260 poterunt
3484 1203 3882 1263 commonstrare,

2329 1297 2442 1334 eum
2465 1288 2548 1335 aut
2568 1287 2693 1337 inter
2714 1289 2870 1351 gravis
2886 1292 3145 1341 armaturoe
3158 1291 3333 1343 milites
3345 1292 3490 1344 imese
3498 1330 3516 1357 ,
3537 1296 3625 1345 aut
3636 1296 3885 1359 probatum

2329 1378 2593 1441 equitasse,
2612 1393 2748 1430 reum
2770 1381 3003 1431 absolvite
3029 1402 3043 1432 z
3076 1383 3206 1445 quod
3223 1385 3263 1433 si
3291 1384 3410 1434 nihil
3432 1385 3552 1448 justi
3573 1388 3883 1450 proterentes,

2325 1474 2563 1536 jubebunt
2582 1490 2667 1526 vos
2681 1478 2937 1540 gratificari
2955 1478 3070 1541 ipsis
3085 1516 3100 1541 ,
3123 1483 3415 1533 mementote
3432 1483 3565 1546 quod
3590 1497 3678 1535 vos
3696 1489 3884 1536 monent

2330 1572 2379 1620 et
2411 1570 2747 1633 iusiurandum
2769 1574 2976 1638 violare,
2997 1578 3047 1626 et
3081 1577 3264 1639 legibus
3286 1590 3385 1627 non
3410 1590 3609 1641 parere,
3634 1568 3883 1645 quodque,

2329 1682 2482 1731 quum
2512 1671 2898 1734 delinquentibus
2927 1676 3013 1725 tali
3045 1675 3208 1725 studio
3227 1677 3612 1739 patrocinentur,
3641 1680 3804 1742 plures
3824 1681 3884 1729 ad

2329 1768 2497 1817 eadem
2518 1768 2694 1831 flagitia
2719 1769 3016 1822 excitabunt.

2392 1870 2467 1914 23.
2504 1865 2737 1927 Equidem
2754 1866 3053 1929 potissimum
3071 1868 3237 1930 miror,
3253 1868 3466 1931 judiees,
3481 1870 3524 1919 si
3540 1871 3656 1933 quis
3669 1873 3882 1923 vestrum

2329 1963 2672 2014 existimaverit
2706 1964 3000 2016 Alcibiadem
3032 1967 3226 2029 propter
3260 1966 3528 2017 advocatos
3563 1981 3671 2019 esse
3693 1982 3882 2021 servan-

2329 2064 2446 2114 dum
2465 2101 2479 2125 ,
2508 2067 2559 2115 et
2580 2067 2775 2129 propter
2796 2080 2935 2117 suam
2956 2067 3101 2131 ipsius
3133 2067 3491 2131 improbitatem
3525 2082 3626 2118 non
3659 2082 3763 2121 esse
3778 2084 3883 2133 per·

2277 2184 2278 2189 =
2327 2160 2555 2211 dendum.
2622 2165 2695 2213 De
2719 2176 2816 2226 qua
2837 2177 3034 2226 aequum
3055 2166 3128 2214 est
3148 2178 3234 2215 vos
3249 2165 3480 2215 nonnulla
3504 2166 3706 2229 audire,
3724 2171 3781 2219 ut
3804 2182 3883 2218 eo-

2327 2254 2561 2314 gnoscatis
2589 2268 2674 2304 vos
2697 2257 2869 2307 merito
2891 2258 3159 2309 condonare
3177 2259 3244 2308 illi
3267 2270 3366 2308 non
3387 2272 3552 2323 posse,
3581 2264 3714 2324 quod
3732 2264 3780 2313 in
3797 2264 3882 2315 hae

2327 2353 2521 2415 quidem
2549 2369 2601 2405 re
2621 2356 2903 2421 deliquerit,
2926 2359 2977 2408 in
3002 2360 3173 2409 ceteris
3192 2373 3309 2411 vero
3333 2361 3566 2413 omnibus
3581 2365 3753 2428 optimi
3769 2368 3885 2417 civis

2328 2438 2523 2502 functus
2545 2454 2609 2503 sit
2633 2454 2810 2506 officio.
2828 2457 2950 2505 Nam
2981 2470 3044 2506 ex
3079 2457 3276 2521 reliquis
3291 2471 3489 2523 quoque
3511 2461 3630 2511 vitre
3665 2462 3883 2514 institutis

2325 2548 2432 2609 iure
2455 2549 2612 2611 ipsum
2636 2550 2852 2612 plectetis
2876 2552 3057 2615 capite;
3082 2554 3178 2616 (24)
3199 2567 3309 2616 quae
3326 2568 3414 2604 vos
3431 2556 3665 2607 convenit
3682 2558 3879 2609 edoceri.

2329 2646 2490 2702 Quum
2515 2646 2643 2696 enim
2678 2647 2890 2697 toleretis
2924 2661 3030 2698 reos
3067 2661 3168 2699 suae
3201 2649 3413 2712 ipsorum
3446 2651 3648 2704 virtutis
3682 2655 3882 2706 hcinora

2328 2745 2608 2808 egregiaque
2632 2745 2869 2806 majorum
2901 2747 3071 2796 merita
3104 2749 3429 2811 recensentes,
3456 2762 3549 2812 par
3578 2753 3657 2801 est
3689 2753 3878 2802 omnino

2328 2844 2626 2891 accusatores
2638 2842 2782 2891 etiam
2800 2842 2965 2892 audire
2974 2879 2991 2904 ,
3010 2843 3051 2892 si
3068 2845 3443 2893 commonstrare
3458 2846 3710 2907 potuerint
3724 2851 3774 2897 et
3785 2860 3881 2898 reos

2329 2941 2454 3003 ipsos
2486 2942 2640 2991 multa
2679 2942 2728 2990 in
2761 2955 2848 2991 vos
2877 2942 3156 3005 deliquisse,
3181 2944 3423 2992 eteorum
3454 2945 3666 3006 majores
3686 2948 3879 3011 plurim

2329 3042 2466 3092 vobis
2498 3043 2625 3093 maia
2662 3044 2894 3095 intulisse.
2963 3045 3063 3109 (25)
3104 3048 3199 3096 iste
3236 3059 3391 3109 quum
3420 3060 3542 3110 puer
3577 3053 3731 3114 esset,
3761 3051 3877 3114 apud

2328 3138 2676 3189 Archedemum
2694 3141 2897 3204 Lippum
2909 3179 2924 3204 ,
2943 3142 3104 3204 quiex
3132 3144 3302 3194 vestris
3321 3156 3419 3193 non
3444 3157 3604 3207 pauca
3625 3148 3877 3211 surripuit,

2327 3233 2491 3284 multis
2509 3236 2932 3298 conspicientibus,
2957 3238 3006 3286 in
3039 3238 3207 3287 eadem
3236 3242 3401 3299 jacens
3420 3241 3643 3303 stragula
3668 3243 3877 3305 pot-bnt,

2326 3327 2777 3390 conressabaturque
2810 3329 3015 3378 interdiu
3033 3366 3047 3391 ,
3076 3329 3320 3394 impubes,
3340 3345 3456 3382 cum
3474 3337 3666 3398 scorto,
3684 3337 3876 3399 maiores

2324 3435 2437 3471 suos
2457 3423 2694 3485 imitatus,
2718 3423 3070 3487 arbitratusque
3094 3427 3195 3476 iore
3215 3428 3275 3476 ut
3305 3441 3406 3477 non
3440 3432 3605 3492 posset
3635 3432 3687 3482 in
3712 3433 3869 3484 adulta

2324 3518 2468 3566 aetate
2502 3517 2760 3579 praeclarus
2783 3517 2913 3580 fleri,
2943 3519 3033 3569 nisi
3059 3520 3109 3569 in
3142 3522 3307 3571 tenera
3328 3523 3533 3585 pueritia
3560 3526 3723 3588 palam
3744 3528 3873 3578 vide·

2324 3613 2457 3661 retur
2470 3613 2800 3676 nequissimus.
2866 3615 2963 3677 (26)
2983 3616 3056 3665 Ab
3080 3617 3321 3668 Alcibiade
3337 3632 3483 3682 porro
3501 3623 3764 3674 aeeersitus
3786 3627 3867 3687 est,

2324 3721 2476 3771 quum
2503 3709 2650 3772 ipsius
2668 3710 2844 3773 flagitia
2863 3711 2963 3773 iam
2999 3713 3250 3764 manifesta
3276 3713 3465 3766 fierent.
3532 3719 3599 3768 At
3618 3717 3872 3780 cuj-mnndi

2322 3822 2435 3860 eum
2457 3824 2487 3859 a
2505 3810 2640 3861 vobis
2665 3811 2828 3861 haberi
2864 3815 3053 3875 oportet
3071 3816 3155 3876 qui
3185 3817 3235 3865 et
3255 3815 3426 3866 eadem
3454 3831 3572 3868 cum
3610 3819 3697 3870 illo
3719 3819 3868 3871 studia

2321 3905 2531 3953 sectatus
2548 3906 2651 3967 est,
2678 3906 2728 3953 et
2751 3904 3071 3955 infamabatur
3096 3908 3231 3970 quasi
3250 3909 3338 3973 qui
3363 3912 3552 3962 ceteros
3575 3912 3627 3962 in
3643 3914 3700 3963 iis
3715 3912 3873 3964 m

2323 3996 2625 4047 institueret?
2690 4001 2897 4059 Operam
2930 4000 2969 4050 is
2989 4001 3246 4053 Theotimo
3267 4007 3500 4066 praestans
3520 4008 3574 4056 et
3607 4008 3733 4069 patri
3764 4007 3869 4059 insi·

2320 4091 2503 4152 diatus,
2529 4095 2683 4142 Oreos
2704 4094 2930 4156 prodidit.
2954 4096 3266 4158 Theotimus,
3303 4098 3481 4160 oppido
3498 4102 3726 4165 reeepto,
3744 4102 3873 4154 istim

2322 4189 2640 4241 adolescentia
2655 4192 2883 4255 flagitiose
2899 4194 3101 4257 abusus,
3114 4196 3308 4247 tandem
3326 4196 3376 4246 in
3392 4197 3590 4249 vincula
3602 4199 3870 4263 eonjeeitut

2318 4286 2568 4348 pecuniam
2601 4290 2896 4353 exposceret.
2964 4291 3066 4354 (27)
3090 4291 3184 4342 Sed
3209 4291 3363 4342 tilium
3384 4296 3523 4356 pater
3544 4297 3649 4346 tam
3667 4296 3866 4360 graviter

2318 4378 2485 4430 oderat
2502 4383 2559 4430 ut
2591 4383 2784 4444 negaret
2804 4395 2854 4432 se
2878 4382 2953 4432 vel
2988 4384 3169 4433 mortui
3190 4396 3297 4433 ossa
3337 4388 3668 4449 recepturum.
3729 4389 3817 4439 llio
3841 4400 3869 4437 e

2318 4476 2440 4527 vivis
2457 4478 2674 4540 sublato,
2695 4479 3008 4530 Archebiades
3031 4480 3174 4542 huius
3199 4482 3388 4530 amator
3413 4483 3573 4534 lactus
3604 4497 3720 4535 etim
3737 4484 3864 4535 rede-

2316 4568 2404 4616 mit
2426 4582 2489 4617 ex
2513 4569 2730 4619 vinculis.
2794 4573 2900 4621 Non
2926 4572 2993 4620 ita
3024 4572 3179 4621 multo
3201 4574 3338 4635 post,
3365 4572 3507 4624 honis
3527 4575 3632 4625 anis
3651 4576 3756 4627 alea
3773 4576 3864 4627 dis-

2316 4660 2543 4723 perditis,
2579 4662 2772 4712 solvens
2801 4675 2863 4712 ex
2887 4666 3045 4714 Leuca
3074 4665 3191 4713 Acta
3212 4665 3395 4714 amicos
3423 4664 3704 4719 subrues-sit.
3768 4669 3862 4732 (²⁸)

2316 4756 2446 4811 Quot
2469 4754 2627 4817 igitur,
2657 4754 2872 4816 judices,
2900 4756 2977 4805 vel
3001 4756 3050 4805 in
3083 4755 3241 4818 cives,
3263 4757 3342 4806 vel
3365 4757 3417 4807 iu
3435 4760 3699 4822 cognatos,
3717 4761 3790 4811 vel
3820 4761 3865 4810 in

2314 4845 2522 4908 hospites
2541 4860 2680 4908 suos,
2712 4848 2927 4910 aliosque
2952 4847 3172 4909 admisit,
3210 4847 3407 4911 longum
3437 4852 3564 4900 esset
3603 4865 3859 4904 reeens-e.

2314 4941 2603 5003 Hipponicus
2630 4943 2790 4990 autem
2809 4941 3026 5003 pluribus
3038 4942 3314 4991 convocatis
3328 4978 3344 5003 ,
3361 4956 3566 4995 uxorem
3585 4947 3865 5009 repudiavit,

2311 5048 2462 5097 quum
2479 5034 2656 5084 diceret
2678 5036 2808 5085 hunc
2829 5048 2929 5085 non
2952 5036 3007 5085 ut
3033 5036 3228 5085 tratrem
3248 5035 3376 5085 illius
3392 5073 3408 5099 ,
3428 5037 3513 5087 sed
3535 5042 3591 5090 ut
3607 5042 3831 5091 maritum
3844 5075 3863 5100 ,

2311 5128 2361 5178 in
2393 5128 2521 5177 aedes
2545 5142 2657 5178 suas
2683 5141 2785 5178 esse
2811 5128 3090 5190 ingressum.
3159 5127 3260 5189 (29)
3298 5130 3457 5191 Atque
3489 5130 3620 5181 hunc
3643 5133 3730 5196 qui
3749 5133 3860 5184 talia

2309 5221 2536 5283 deliquit,
2561 5221 2643 5283 qui
2657 5222 2730 5270 tot
2752 5222 2800 5270 et
2816 5221 2915 5269 tam
2931 5220 3118 5282 indigua
3142 5220 3434 5283 perpetravit
3447 5256 3465 5282 ,
3486 5234 3646 5285 neque
3668 5227 3861 5287 proter·

2270 5317 2271 5324 ’
2308 5317 2486 5364 iterum
2527 5315 2727 5377 poenitet
2764 5315 3056 5377 quidquam,
3094 5326 3250 5376 neque
3284 5326 3456 5364 eorum
3480 5316 3728 5379 poenitehit
3755 5331 3861 5380 qun

2308 5410 2468 5459 sutura
2501 5410 2647 5458 sunt:
2675 5413 2771 5457 imo
2797 5422 2943 5471 quem
2979 5409 3186 5458 maxime
3224 5408 3348 5458 inter
3370 5408 3502 5460 cives
3530 5412 3859 5476 oportuit&
