4467 6542
699 685 825 743 lxttol·
846 687 870 742 0
893 682 1078 741 titillet·
1100 681 1360 745 ΜΕΝΕΚΛΕΟΥΣ
1382 686 1546 746 teneor.

637 820 803 865 arietavit.

374 1015 395 1051 ο.
418 990 552 1053 Ἐκδόντες
561 987 643 1045 τοίνυν
653 984 697 1050 τὰς
708 982 827 1062 ἀδελροίς,
837 972 859 1039 ῶ
869 981 970 1058 ἄνδρες,
982 981 1028 1037 καὶ
1037 980 1104 1047 ὄντες

335 1078 407 1136 αὐτοὶ
419 1079 444 1133 ἐν
461 1074 549 1152 ἡλικίῳ
569 1073 610 1128 ἐπὶ
621 1071 649 1128 ab
664 1068 847 1147 στρατεύεσθαι
861 1067 1042 1143 ἐτραπόμεθα,
1060 1068 1104 1125 καλ

333 1162 538 1236 ἀπεδημήσαμεν
555 1156 620 1232 μετὰ
637 1157 657 1214 Ἰ
662 1156 797 1235 ρικραίτυυς
817 1157 851 1218 εἷς
869 1154 987 1231 Θρηίκην·
1005 1155 1060 1210 ἐκεῖ
1078 1152 1105 1210 δὲ

334 1248 449 1315 δόξαντές
461 1269 505 1302 του
518 1236 581 1301 εἶναι
600 1243 664 1309 ἄξιοι
676 1238 907 1318 περιποιησάμενοί
920 1262 945 1295 τι
961 1238 1103 1295 κατεπλεύ·

307 1357 417 1409 εσαμεν
443 1334 531 1410 δεῦρο,
553 1330 596 1387 καὶ
621 1327 859 1402 καταλαμὸοίνομεν
884 1330 916 1403 τῇ
943 1325 1105 1406 πρεσύυτέρογ

334 1422 431 1497 ἀδελρῇ
445 1418 507 1476 ὄντα
520 1416 564 1474 δύο
575 1416 683 1484 παιδία,
695 1412 741 1483 τὴν
755 1411 782 1471 δέ
796 1410 932 1491 νεωτέραν,
942 1411 974 1482 ἣν
985 1402 1039 1489 εἶχε
1051 1415 1104 1470 Με-

333 1508 438 1575 νεκλῆς,
449 1504 559 1560 ἄπαιδα.
587 1507 616 1576 (7)
628 1501 680 1559 Καὶ
689 1502 783 1565 ἐκεῖνος
791 1498 901 1576 δευτέρῳ
914 1496 1003 1570 μηνὶῆ
1018 1496 1105 1576 τρίτῳ,

332 1592 416 1650 πολλὰ
437 1589 572 1652 ἐπαινέσας
593 1587 640 1657 τὴν
659 1586 781 1665 οἶδελρήν,
805 1584 895 1659 λόγους
914 1585 1024 1641 ἐποιεῖτο
1043 1583 1106 1662 πρὸς

334 1689 417 1756 ἡμᾶς,
429 1680 474 1737 καὶ
484 1678 532 1758 έρη
542 1677 589 1747 τήν
598 1700 625 1733 τε
636 1676 739 1746 ἡλικίαν
750 1679 892 1755 ύρορᾶσθαι
902 1670 948 1741 τὴν
959 1675 1049 1729 ἑαυτοῦ
1061 1672 1105 1729 καί

296 1789 319 1824 ιο
334 1767 379 1838 τὴν
394 1766 526 1823 ἀπαιδίαν·
540 1763 630 1822 οὔκουν
643 1762 691 1841 ἔρη
701 1766 751 1819 δεῖν
764 1761 862 1830 ἐκείνην
874 1764 920 1829 τῆς
931 1757 1106 1837 χρηστότητος

332 1859 378 1923 τῆς
390 1856 482 1922 ἑαυτῆς
496 1856 573 1909 τοῦτο
585 1850 747 1918 ἀπολαῦσαι,
763 1848 861 1905 ἄπαιδα
874 1849 1034 1914 καταστῆναι
1049 1867 1107 1920 σνγ-

332 1939 553 2017 καταγηράσασαν
573 1939 652 2014 αὑτῷ·
670 1935 756 2000 ἱκανὸς
774 1933 824 2010 γὰρ
839 1933 886 2011 έρη
905 1931 980 1997 αύτδς
1002 1933 1106 2007 σἰτυχῶν

332 2020 406 2085 εἶναι.
428 2026 460 2103 (ε)
478 2024 530 2082 liat
550 2026 579 2080 ἐκ
598 2022 693 2092 ταύτης
713 2026 759 2090 τῆς
775 2020 867 2087 λέξεως
882 2021 957 2088 δῆλον
974 2016 1012 2074 ότι
1026 2020 1105 2096 ριλῶν

332 2111 490 2169 ἀπεύοίλετο·
518 2108 599 2172 οὐδεὶς
626 2107 676 2185 γὰρ
705 2110 787 2183 μισῶν
805 2129 863 2162 τινα
891 2103 998 2161 ἱκετεύει
1024 2106 1104 2181 αὐτῷ.

295 2219 318 2255 ra
332 2198 435 2257 Ἐδεῑτο
445 2187 488 2253 οὖν
503 2197 576 2270 ἡμῶν
592 2195 678 2250 δοῦναι
690 2193 766 2271 χάριν
779 2193 875 2261 ταύτην
890 2194 975 2267 αύτῷ,
987 2192 1105 2246 ἐκδοῦναι

332 2285 404 2362 ἄλλῳ
418 2282 499 2351 αὐτὴν
519 2280 586 2357 μετὰ
600 2283 645 2348 τῆς
660 2280 763 2356 γνώμης
777 2283 823 2348 τῆς
840 2282 942 2335 ἑαυτοῦ.
965 2276 1018 2334 liat
1032 2278 1107 2350 ἡμεῖς

332 2368 483 2443 ἐκελεύομεν
500 2368 575 2423 αὐτὸν
589 2366 683 2421 πείθειν
703 2365 783 2433 αὐτὴν
798 2365 857 2442 περὶ
871 2361 976 2420 τούτων·
990 2361 1006 2418 ὅ
1019 2386 1044 2419 τι
1056 2361 1106 2441 γὰρ

336 2458 367 2514 ἂν
380 2455 464 2525 ἐκείνη
476 2457 567 2529 πεισθῇ
578 2500 584 2523 ,
596 2452 663 2510 τοῦτ’
671 2451 902 2531 ε’ραμενποιησειν.
944 2452 974 2525 (ε)
991 2449 1106 2519 Κάκείνη

335 2542 364 2597 τὸ
377 2542 424 2615 μὲν
436 2543 539 2619 πρῶτον
553 2539 605 2596 οὐδ’
619 2536 737 2615 ἠνέσχετ’
749 2539 826 2593 αὐτοῦ
837 2536 967 2612 λέγοντος,
977 2535 1107 2613 προϊόντος

293 2650 319 2685 uo
334 2627 361 2684 δέ
376 2632 421 2685 τοῦ
434 2626 527 2705 χρόνου
542 2624 615 2701 μόλις
629 2624 749 2694 ἐπείσθη·
766 2623 811 2681 καί
825 2622 905 2688 οθτως
917 2622 1048 2697 ἐκδίδομεν
1060 2623 1106 2678 αὖ·

332 2714 381 2783 τὴν
393 2713 491 2792 Ἰίλείῳ
508 2712 649 2791 Σφηττίῳ,
665 2711 710 2767 καὶ
723 2714 736 2767 6
752 2712 885 2778 Μενεκλῆς
904 2708 951 2778 τήν
968 2731 995 2765 τε
1009 2716 1105 2787 προῖκα

333 2800 480 2858 ἐπιδίδωσιν
498 2801 579 2874 αὐτῇ,
595 2794 733 2874 μετασχὼν
747 2802 792 2853 τοῦ
806 2795 875 2853 οἴκου
894 2800 939 2865 τῆς
959 2793 1107 2867 μισθώσεως

334 2891 384 2944 τῶν
397 2887 497 2945 παίδοιν
508 2890 551 2943 τοῦ
563 2885 670 2955 Νικίου,
680 2882 725 2940 καλ
736 2881 769 2939 τὰ
778 2882 887 2958 ίμοίτια,
898 2881 914 2938 ἃ
926 2874 1000 2951 ἦλθεν
1010 2881 1105 2959 ἔχουσα

332 2977 395 3053 παρ’
417 2974 522 3044 ἐκεῖνον,
541 2971 586 3029 καί
604 2970 637 3028 τὰ
653 2970 790 3050 χρυσίδια,
812 2961 887 3039 ἃῆν,
902 2968 1004 3025 δίδωσιν
1025 2971 1102 3047 αὐτῇ.

293 3084 318 3118 eu
332 3062 378 3136 (ιο)
393 3059 469 3119 Μετὰ
482 3060 509 3117 δὲ
521 3063 604 3116 ταῦτα
616 3057 709 3136 χρόνου
722 3054 901 3130 διαγενομένου
912 3054 1015 3112 ἐσκόπει
1027 3060 1040 3111 6
1052 3059 1106 3114 Με·

333 3148 422 3217 νεαλῆς
436 3145 505 3212 ὅπως
520 3144 557 3220 μὴ
572 3145 656 3202 ἔσοιτο
674 3142 768 3212 οἷπαις,
784 3141 840 3198 αλλ’
852 3140 935 3199 ἔσοιτο
951 3142 1022 3219 αὐτῷ
1036 3139 1106 3207 ὅστις

333 3233 415 3301 ζῶντά
427 3255 454 3290 τε
468 3230 657 3311 γηροτρορήσοι
669 3229 714 3287 καὶ
727 3227 918 3297 τελευτήσαντα
935 3227 1012 3306 θοίψοι
1027 3227 1104 3285 αὐτὸν

333 3320 379 3377 καὶ
391 3322 425 3383 είς
436 3320 479 3376 τὸν
491 3319 580 3376 ἔπειτα
591 3318 683 3396 χρόνον
695 3315 728 3374 τδι
739 3316 893 3391 νομιζόμενα
905 3317 975 3391 αὐτῷ
989 3313 1103 3381 ποιήσοι.

332 3406 426 3484 Τούτῳ
438 3405 484 3480 μέν
499 3397 541 3462 adv
554 3403 621 3482 ἐώρα
634 3403 677 3460 ἕνα
694 3400 770 3477 μόνον
782 3401 835 3459 υἱὸν
849 3401 926 3475 ὄντα,
942 3400 1010 3458 ὥστε
1023 3401 1106 3459 ἐδόκει

294 3515 320 3551 ’.τυ
332 3494 403 3570 αὐτῷ
418 3491 525 3569 αἰσχρὸν
538 3482 602 3548 εἶναι
614 3489 714 3546 οίπαιδα
725 3494 813 3546 τοῦτον
825 3486 981 3545 καθιστοίντα
994 3488 1105 3565 ἀρρένων

333 3579 434 3635 παίδων
452 3581 523 3655 αύτῷ
545 3575 657 3634 κελεύειν
681 3577 768 3633 δοῦναι
789 3579 877 3633 τοῦτον
896 3573 1103 3642 εἷσποιῆσασθαι.

334 3667 376 3740 (tl)
393 3664 517 3743 Εύρισκεν
533 3656 577 3722 ούν
597 3662 687 3721 οὐδένα
703 3662 781 3719 οἷλλον
799 3661 949 3737 οἰκειότερον
964 3660 1016 3718 ὄνθ’
1030 3663 1104 3734 ἡμῶν

333 3756 426 3831 ἐαυτῷ.
471 3750 569 3828 Λόγους
576 3741 619 3808 ούν
629 3749 692 3829 πρὸς
700 3753 768 3824 ἡμᾶς
778 3749 898 3818 ἐποιεῖτο,
908 3748 953 3803 καλ
965 3746 1012 3825 ἐρη
1024 3748 1104 3803 δοκεῖν

333 3842 402 3916 αύτῷ
415 3841 500 3903 καλῶς
512 3838 591 3915 ἔχειν,
606 3836 694 3905 ἐπειδὴ
708 3834 787 3899 ούτως
802 3837 872 3911 αὐτῷ
889 3839 905 3903 ἡ
920 3833 987 3910 τύχη
1010 3832 1104 3905 συνέύη

293 3942 319 3979 οε
332 3923 398 3981 ὥστε
411 3927 439 3981 ἐκ
448 3928 493 3993 τῆς
505 3924 615 4002 ἀδελρῆς
625 3925 671 3990 τῆς
684 3919 811 3999 ἡμετέρας
825 3920 920 3982 παῖδας
931 3921 1000 3995 αὐτῷ
1011 3917 1047 3991 με)
1059 3940 1105 3993 γε·

332 4010 433 4080 ιε’σθαι,
454 4012 482 4066 ἐκ
497 4009 594 4077 ταύτης
610 4012 656 4077 τῆς
675 4006 756 4072 οἰκίας
773 4006 826 4063 albe
845 4007 915 4081 αύτῷ
933 4003 1105 4076 ποιήσασθαι,

332 4096 387 4154 ὅθεν
409 4096 453 4153 καί
494 4096 549 4152 ύσει
572 4096 667 4159 παῖδας
688 4093 814 4162 ἐόουλήθη
836 4091 867 4148 ἂν
888 4094 959 4170 αὑτῷ
978 4090 1105 4168 γενέσθαι·

336 4211 349 4232 ι
364 4181 453 4256 ’λ’μῶν
465 4204 526 4250 ουν,
543 4180 609 4259 ἔρη,
632 4179 757 4256 βούλομαι
771 4178 813 4235 τὸν
829 4176 914 4255 ἕτερον
932 4178 1105 4251 ποιήσασθαι,

333 4268 448 4348 ὁποτέρῳ)
459 4271 530 4340 ὑμῶν
543 4269 628 4331 καλῶς
638 4266 700 4342 ἔχει.
712 4291 724 4317 ν
756 4266 800 4339 (ιε)
816 4264 870 4321 Καὶ
881 4267 894 4320 6
906 4265 1013 4343 ἀδελρδς
1023 4269 1036 4322 6
1046 4265 1105 4341 ἐμὸς

293 4375 319 4406 ⁴¹¹
334 4354 447 4419 ἀκούσας
467 4359 568 4426 ταῦτα,
591 4351 679 4420 ἐπειδὴ
701 4349 873 4427 προετίμησεν
894 4350 969 4407 αὐτὸν
991 4350 1105 4423 πάντων,

333 4438 442 4518 ἐπῄνεσέ
460 4462 488 4496 τε
499 4436 558 4504 τούς
570 4435 660 4512 λόγους
676 4438 766 4506 αὐτοῦ,
785 4435 829 4491 καλ
849 4426 919 4493 εἶπεν
935 4435 973 4492 ὅτι
993 4435 1104 4509 δέοιτοῆ

332 4550 360 4584 τε
374 4527 461 4597 ἡλικία
476 4525 520 4582 καὶ
535 4530 551 4594 ἡ
564 4528 683 4602 παροῦσα
698 4524 793 4601 ἐρημία
808 4521 904 4579 ἐκείνου
918 4527 961 4579 τοῦ
981 4524 1104 4601 θεραπεύ-

332 4637 420 4680 σοντος
434 4611 510 4670 αὐτὸν
523 4610 566 4668 καί
577 4608 790 4684 ἐπιδημήσοντος·
806 4636 817 4658 ι
828 4606 904 4684 Ἐμοί
917 4610 963 4684 μέν
974 4600 1026 4681 ούν,
1041 4610 1105 4689 ἐρη,

333 4699 470 4776 αυμύαίνει
484 4696 632 4772 ἀποδημία,
652 4699 686 4761 ὡς
704 4694 734 4752 σὺ
754 4687 844 4753 οἶσθα·
863 4699 876 4752 6
896 4695 922 4753 δέ
940 4696 1045 4772 ἀδελφὸς
1060 4700 1105 4753 ού-

292 4803 319 4841 tt
332 4784 388 4843 τοσί
402 4812 414 4835 ν
429 4784 473 4859 ἐμέ
485 4783 566 4858 λέγων
582 4810 592 4832 α
613 4784 662 4838 τῶν
681 4804 709 4838 τε
729 4782 780 4837 σῶν
798 4780 983 4854 ἐπιμελήσεται
996 4780 1040 4836 καὶ
1054 4784 1104 4838 τῶν

332 4875 412 4947 ἐμῶν,
424 4871 467 4927 ἐὰν
479 4868 558 4947 βούλῃ
569 4872 657 4924 τοῦτον
666 4865 833 4935 ποιήσασθαι.
848 4892 860 4914 ν
886 4866 938 4924 Καὶ
949 4869 962 4921 6
973 4866 1105 4934 Μενεκλῆς

332 4956 476 5036 καλῶςιέρη
486 4956 560 5014 αὐτὸν
569 4954 661 5031 λέγειν,
671 4954 716 5011 καὶ
726 4955 756 5010 ἐκ
766 4957 812 5010 τοῦ
820 4951 915 5029 τρόπου
924 4951 1014 5009 τούτου
1025 4959 1104 5008 ποιεῖ·

332 5046 375 5101 ταί
388 5067 430 5118 με.
1039 5096 1050 5119 t

375 5149 407 5187 la.
429 5130 474 5194 Ὡς
498 5120 541 5187 σύν
565 5127 632 5184 κατὰ
653 5125 710 5191 τοὺς
732 5127 823 5201 νόμους
838 5124 938 5202 ἐγένετο
958 5124 1103 5194 ἡποίησις,

295 5220 407 5273 mirobeo
432 5219 498 5289 ὑμᾶς
517 5214 642 5290 βούλομαι
666 5213 774 5280 διδάξαι.
820 5212 873 5271 Καί
895 5234 938 5286 μοι
960 5210 1003 5267 τὸν
1026 5210 1103 5282 νόμον

334 5299 509 5375 ἂνοίγνωθι,δς
524 5299 621 5356 κελεύει
635 5299 666 5355 τθι
682 5304 772 5357 ἑαυτοῦ
785 5298 876 5365 ἐξεῖναι
892 5296 1022 5355 διαθέσθαι
1035 5295 1104 5360 ὅπως

333 5388 365 5449 ἂν
377 5386 465 5465 ι’θίλη,
478 5387 522 5444 ἐὰν
537 5385 573 5460 μι)
588 5387 675 5451 παῖδες
686 5387 788 5466 ἄρρενες
801 5378 849 5444 ὦσι
861 5385 970 5462 γνήσιοι.
1012 5382 1046 5442 Ὁ
1055 5382 1104 5462 γὰρ

1424 825 1645 874 Testimonium

1182 995 1204 1037 6.
1223 989 1349 1038 Sororibus
1357 989 1428 1051 igitur
1444 990 1478 1038 sic
1491 990 1516 1038 in
1533 988 1714 1039 matrimonium
1729 990 1864 1054 collocatis,
1879 1005 1921 1042 nas

1151 1077 1222 1124 aetate
1244 1076 1354 1125 timentes
1372 1077 1483 1125 militiam
1506 1076 1688 1137 eapessivimus,
1707 1078 1780 1139 inque
1799 1079 1920 1128 binariam

1151 1161 1211 1210 duce
1227 1163 1346 1223 lpliierate
1365 1177 1461 1225 peregre
1476 1164 1576 1225 protecti
1593 1177 1689 1222 sumus;
1709 1165 1782 1227 atque
1803 1178 1878 1227 quum
1890 1166 1921 1215 ibt

1151 1248 1210 1297 bene
1220 1250 1400 1309 meruissemus,
1413 1250 1481 1298 ditati
1495 1251 1598 1300 Athenas
1613 1251 1763 1313 appulimus,
1775 1254 1800 1300 et
1819 1266 1920 1301 sororem

1150 1335 1247 1395 quidem
1269 1339 1328 1385 natu
1351 1337 1466 1397 maJorem
1485 1337 1554 1386 binos
1574 1337 1662 1387 liberos
1681 1338 1809 1388 habentem
1832 1339 1921 1389 inveni·

1151 1434 1217 1480 mus,
1227 1422 1351 1471 minimam
1362 1436 1433 1484 vero,
1446 1436 1519 1485 quam
1531 1424 1631 1472 duxerat
1645 1425 1778 1485 Menecles,
1791 1426 1920 1488 improlem

1152 1508 1185 1570 (7)
1194 1512 1271 1570 Atque
1280 1509 1320 1557 ille
1329 1523 1359 1558 ex
1368 1509 1446 1558 reditu
1456 1522 1537 1558 mense
1545 1508 1650 1558 meundo
1660 1510 1698 1559 vel
1708 1512 1789 1572 tertio,
1797 1511 1921 1562 boniseni-

1151 1595 1220 1643 nibus
1233 1595 1263 1643 de
1274 1609 1355 1644 sorore
1367 1595 1515 1657 predicatus,
1530 1595 1655 1644 nobiscum
1677 1597 1752 1645 verba
1773 1599 1921 1659 mnserebat,

1151 1677 1260 1740 dixitque
1275 1682 1370 1728 aetatem
1381 1693 1449 1728 suam
1465 1684 1604 1742 provectam
1615 1685 1640 1731 et
1657 1682 1788 1732 liberorum
1798 1685 1922 1734 orbitatem

1151 1778 1176 1813 se
1187 1765 1309 1827 deplorare
1327 1786 1333 1815 ι
1351 1779 1503 1829 nequaquam
1516 1767 1577 1817 dirrIt
1590 1781 1643 1817 eam
1657 1774 1769 1831 oportere
1782 1771 1856 1820 talem
1873 1785 1921 1820 sne

1151 1852 1246 1902 virtutis
1260 1852 1393 1902 mercedem
1405 1867 1502 1915 capere,
1513 1868 1597 1916 nempe
1605 1858 1632 1904 ut
1643 1857 1714 1905 simul
1727 1869 1784 1905 eum
1800 1858 1852 1919 ipso
1860 1871 1920 1907 sene·

1151 1953 1219 1989 scens
1227 1940 1337 1989 evaderet
1346 1941 1452 2003 improlis
1458 1958 1465 2003 ;
1471 1942 1528 1990 satis
1533 1943 1598 1991 enim
1605 1956 1655 1992 essa
1665 1943 1743 2004 ipsum
1751 1944 1872 1992 fortunam
1879 1957 1921 1994 ma

1152 2028 1200 2075 lam
1209 2029 1333 2088 expertum
1345 2041 1405 2076 esse.
1437 2028 1471 2090 (8)
1482 2029 1533 2078 Tati
1549 2042 1658 2078 sermone
1668 2043 1738 2090 unus,
1751 2031 1822 2092 plane
1838 2031 1921 2080 indicat

1151 2113 1258 2161 anrieiter
1273 2114 1348 2162 sorori
1369 2116 1456 2164 nostrae
1474 2114 1587 2163 nuntium
1607 2116 1725 2165 remisisse
1745 2135 1751 2165 :
1771 2130 1844 2166 nemo
1862 2118 1921 2167 enlm

1152 2214 1223 2261 quern
1235 2200 1286 2248 odit
1294 2202 1394 2263 supplex
1404 2204 1465 2250 orat.
1497 2205 1548 2251 lloe
1564 2202 1658 2264 igitura
1670 2203 1740 2252 nobis
1748 2203 1857 2253 beneficii
1873 2205 1921 2254 lom

1152 2287 1260 2348 petebat,
1273 2290 1300 2335 ut
1309 2301 1415 2337 sororem
1430 2289 1534 2350 scilicet,
1549 2303 1646 2338 assensu
1662 2290 1738 2352 ipsius
1752 2292 1922 2353 impetrato,in

1152 2374 1330 2423 matrimonium
1340 2376 1408 2424 alteri
1419 2376 1597 2425 collocaremus.
1612 2379 1642 2425 Et
1651 2391 1695 2426 nos
1703 2391 1760 2426 euru
1770 2378 1921 2428 hortabamur

1152 2474 1251 2510 uxorem
1264 2462 1328 2511 bisce
1343 2461 1373 2511 de
1388 2462 1460 2512 rebus
1473 2462 1628 2525 persuadeam
1644 2477 1699 2525 qum
1716 2464 1737 2514 si
1752 2467 1920 2529 immanes

1152 2547 1264 2597 decisioni
1284 2562 1329 2598 nos
1346 2550 1507 2599 satisfacturos
1522 2550 1683 2612 promisimus.
1717 2553 1751 2615 (9)
1769 2558 1805 2603 lto
1823 2554 1920 2616 primun

1152 2635 1248 2697 quidem
1259 2636 1374 2685 sermonis
1383 2639 1434 2698 ejus
1442 2636 1540 2686 minime
1550 2638 1655 2700 patiens,
1670 2638 1712 2687 vix
1721 2652 1833 2702 mgreque
1846 2643 1921 2690 hm

1152 2722 1248 2770 tandem
1257 2734 1352 2771 assensa
1365 2724 1409 2771 est.
1441 2724 1519 2785 atque
1531 2722 1564 2770 ita
1576 2704 1629 2771 earn
1643 2723 1668 2771 in
1679 2724 1860 2776 matrimonium
1868 2728 1920 2777 ltlao

1152 2808 1259 2870 Spbettio
1268 2809 1426 2871 collocamus3
1437 2809 1565 2869 dotemque
1576 2809 1598 2857 ei
1610 2808 1687 2858 reddit
1696 2810 1828 2872 Menecles,
1840 2813 1920 2875 quippe

1152 2896 1194 2957 qui
1206 2896 1247 2944 illo
1258 2898 1365 2958 tempore
1374 2909 1404 2944 ex
1413 2895 1482 2943 bonis
1493 2894 1609 2955 ttieianis,
1622 2909 1726 2957 quorum
1738 2901 1831 2959 partem
1841 2899 1918 2948 tenori

1152 2986 1300 3044 sumpserat,
1312 2983 1369 3031 satis
1379 2983 1487 3043 pecorum
1496 2983 1521 3030 in
1527 2982 1637 3031 manibus
1645 2983 1761 3046 baberet,
1772 2987 1798 3034 et
1809 2986 1918 3035 mundun

1152 3068 1292 3118 muliebrem
1313 3082 1385 3130 quem
1398 3082 1478 3118 εεουιπ
1492 3069 1585 3131 attulit,
1605 3070 1726 3132 tricasque
1747 3084 1847 3133 aureas,
1866 3084 1920 3134 quas

1152 3155 1245 3217 habuit,
1253 3155 1362 3204 reddidit.
1372 3156 1421 3218 (ιο)
1430 3157 1485 3205 Post
1492 3156 1646 3205 buecevoluto
1653 3159 1762 3220 tempore
1770 3158 1920 3221 prospiciebat

1152 3244 1268 3292 Menecles
1278 3241 1398 3305 quomodo
1409 3243 1536 3293 orbitatem
1549 3243 1683 3304 devitaret,
1693 3246 1767 3306 atque
1778 3244 1874 3295 baberet
1882 3243 1919 3307 qui

1152 3343 1190 3391 se,
1200 3329 1259 3378 dum
1271 3330 1375 3391 viveret,
1383 3329 1433 3391 iarn
1442 3343 1523 3379 senem
1533 3333 1643 3391 curaret,
1653 3333 1678 3379 et
1692 3334 1790 3380 mortuo
1803 3331 1918 3394 mseqmas

1152 3415 1273 3475 redderet,
1286 3416 1358 3477 inque
1375 3418 1497 3476 posterum
1512 3415 1576 3477 justa
1589 3417 1746 3478 persolveret.
1764 3420 1837 3468 {luno
1854 3418 1917 3480 igitur

1151 3502 1160 3565 [
1172 3500 1350 3564 adversarium]
1361 3500 1458 3551 videbat
1474 3502 1551 3551 tilium
1563 3502 1662 3551 unicum
1672 3503 1816 3565 habentem,
1825 3501 1918 3567 quaesi

1151 3589 1292 3652 postulasset
1306 3587 1353 3638 sibi
1366 3588 1391 3635 in
1403 3588 1578 3650 adoptationem
1592 3589 1658 3651 dari,
1678 3603 1708 3639 eo
1719 3590 1787 3652 quod
1801 3592 1918 3653 prolama-

1151 3677 1243 3725 sculina
1256 3676 1320 3723 bunc
1331 3675 1450 3734 orbasset,
1459 3675 1502 3724 sibi
1513 3675 1562 3724 tore
1571 3675 1680 3725 dedecori
1691 3676 1803 3739 putabat.
1824 3681 1871 3739 (11)
1882 3675 1917 3726 ld·

1151 3762 1228 3822 circo,
1241 3762 1311 3810 rebus
1320 3761 1354 3810 ita
1362 3774 1388 3810 se
1397 3761 1552 3822 habentibus,
1562 3763 1631 3812 nobis
1639 3764 1684 3812 sibi
1694 3763 1771 3826 magis
1787 3764 1916 3814 tanaitiarern

1151 3848 1271 3898 neminem
1291 3848 1390 3896 invenit.
1407 3847 1509 3897 Proinde
1527 3862 1570 3898 nes
1587 3848 1707 3899 allocutus
1717 3853 1769 3909 est,
1790 3853 1815 3899 et
1829 3861 1916 3912 requam

1150 3934 1211 3983 dixit
1228 3935 1274 3983 sibi
1289 3934 1378 3994 videri,
1390 3948 1467 3996 quum
1478 3936 1539 3985 torte
1554 3935 1649 3985 tomuna
1663 3936 1741 3986 nullos
1751 3947 1915 3986 exsomnem·

1150 4024 1199 4072 stra
1220 4021 1306 4070 liberos
1320 4025 1481 4083 procreasset,
1495 4036 1526 4071 εκ
1536 4023 1583 4070 luae
1596 4022 1686 4071 tamilla
1703 4022 1782 4073 filiurn
1800 4023 1914 4080 εοοαοασ,

1151 4115 1214 4165 unde
1227 4115 1317 4177 prolem
1326 4116 1466 4164 naturaliter
1476 4114 1585 4165 babuisse
1598 4116 1713 4165 retulisset
1725 4134 1733 4166 ι
1746 4135 1760 4159 ι
1777 4116 1914 4175 (inicum

1151 4226 1220 4274 ergo,
1243 4212 1333 4274 inquit,
1353 4213 1461 4261 vestrum
1487 4211 1562 4261 dudm
1584 4210 1692 4260 conditio
1708 4212 1804 4273 placet,
1818 4205 1913 4259 mutas

1150 4309 1228 4369 ipsum
1238 4306 1351 4367 adoptare
1360 4307 1423 4355 volo.
1436 4326 1448 4351 υ
1459 4307 1507 4367 (12)
1519 4305 1561 4356 ilis
1571 4304 1671 4366 auditis,
1681 4305 1738 4366 quta
1747 4305 1857 4354 omnibns
1866 4313 1911 4352 αι

1150 4400 1301 4461 protulerat,
1311 4398 1383 4446 irater
1397 4398 1664 4457 moussermonemejus
1674 4396 1837 4457 collaudavit,
1845 4393 1911 4444 aas

1149 4506 1190 4541 sus
1203 4495 1238 4541 est
1251 4491 1315 4540 artati
1325 4491 1376 4551 ejrus
1382 4492 1407 4539 et
1414 4489 1525 4552 praesenti
1534 4488 1631 4538 orbitati
1643 4501 1703 4551 opus
1714 4501 1767 4539 esse
1778 4491 1806 4537 nt
1814 4487 1912 4536 musra

1150 4586 1249 4645 lrabeat,
1261 4584 1334 4645 quiei
1350 4581 1495 4631 ministraret
1506 4581 1578 4643 inque
1596 4580 1656 4630 urbe
1666 4582 1806 4630 versaretur
1819 4597 1847 4629 r«
1862 4571 1914 4628 ffl

1150 4678 1241 4739 itaque,
1252 4676 1445 4737 inquit,nomssa
1455 4676 1491 4722 est
1505 4675 1532 4721 ut
1546 4672 1716 4732 domoabslm,
1729 4670 1917 4735 loquelam

1149 4763 1917 4828 tior,uicvomrratermeusimedicens)restnasquemqn

1149 4860 1258 4921 curabit,
1281 4859 1301 4908 si
1321 4872 1377 4909 eum
1400 4858 1540 4918 adoptatum
1558 4855 1638 4904 iveris
1660 4873 1673 4898 ι
1705 4857 1785 4917 arque
1805 4848 1916 4905 llud!

1148 4955 1220 5004 verba
1242 4955 1296 5016 ejus
1320 4950 1473 5015 approbavit,
1494 4962 1581 5012 meque
1603 4947 1648 4997 bae
1666 4948 1761 4999 ratione
1780 4947 1824 4998 affl
1841 4944 1912 4995 tti-

1148 5044 1238 5092 aseivit.

1183 5137 1219 5178 ra.
1237 5128 1307 5188 Quod
1317 5127 1387 5189 igitur
1399 5123 1530 5175 seeundum
1545 5122 1610 5183 teges
1621 5121 1682 5171 inita
1690 5122 1727 5170 est
1740 5117 1867 5182 adoptatio,
1878 5109 1908 5158 θ’

1150 5218 1195 5265 boc
1213 5229 1255 5264 vos
1267 5216 1344 5264 certos
1354 5215 1428 5262 lacios
1447 5211 1525 5273 cupio.
1559 5208 1662 5258 Proinde
1677 5208 1752 5269 tegern
1766 5206 1843 5262 τεοθε,
1854 5205 1905 5261 ιβ

1150 5304 1214 5366 iubet
1226 5302 1302 5350 errivis
1313 5302 1383 5349 liuere
1395 5300 1425 5347 de
1434 5297 1534 5352 fortunis
1545 5296 1595 5346 suis
1603 5296 1739 5357 disponere,
1749 5305 1775 5341 aa
1786 5285 1902 5340 0⁰6le
1959 5365 1961 5370 Ι

1149 5390 1177 5437 ut
1192 5388 1281 5436 nullam
1299 5386 1389 5447 prolem
1405 5384 1560 5433 masculinam
1577 5380 1807 5445 logtdmsqmautau
1817 5367 1895 5424 M
