<?xml version="1.0" encoding="UTF-8"?>
<!DOCTYPE html PUBLIC "-//W3C//DTD XHTML 1.0 Transitional//EN"
    "http://www.w3.org/TR/xhtml1/DTD/xhtml1-transitional.dtd">
<html xmlns="http://www.w3.org/1999/xhtml" xml:lang="en" lang="en">
 <head>
  <title>
</title>
<meta http-equiv="Content-Type" content="text/html;charset=utf-8" />
  <meta name='ocr-system' content='tesseract 3.04.00' />
  <meta name='ocr-capabilities' content='ocr_page ocr_carea ocr_par ocr_line ocrx_word'/>
</head>
<body>
  <div class='ocr_page' id='page_1' title='image "./isocratisoratio00baitgoog/isocratisoratio00baitgoog_0084.png"; bbox 0 0 4467 6542; ppageno 0'>
   <div class='ocr_carea' id='block_1_1' title="bbox 750 710 3077 783">
    <p class='ocr_par' dir='ltr' id='par_1_1' title="bbox 750 710 3077 783">
     <span class='ocr_line' id='line_1_1' title="bbox 750 710 3077 783; baseline 0.009 -22"><span class='ocrx_word' id='word_1_1' title='bbox 750 720 829 772; x_wconf 67' lang='grc' dir='ltr'>σε</span> <span class='ocrx_word' id='word_1_2' title='bbox 1624 710 2051 771; x_wconf 78' lang='grc' dir='ltr'>ΑΝΔΟΚΙΔΟΥ</span> <span class='ocrx_word' id='word_1_3' title='bbox 2095 713 2145 770; x_wconf 91' lang='grc' dir='ltr'><strong>Ο</strong></span> <span class='ocrx_word' id='word_1_4' title='bbox 2191 712 2371 772; x_wconf 83' lang='grc' dir='ltr'>ΠΕΡΙ</span> <span class='ocrx_word' id='word_1_5' title='bbox 2411 716 2564 777; x_wconf 86' lang='grc' dir='ltr'>ΤΩΝ</span> <span class='ocrx_word' id='word_1_6' title='bbox 2607 718 3077 783; x_wconf 81' lang='grc' dir='ltr'>ΜΥΣΤΗΡΙΩΝ.</span> 
     </span>
    </p>
   </div>
   <div class='ocr_carea' id='block_1_2' title="bbox 745 831 2292 1085">
    <p class='ocr_par' dir='ltr' id='par_1_2' title="bbox 745 831 2292 1085">
     <span class='ocr_line' id='line_1_2' title="bbox 745 831 2288 920; baseline 0.001 -21"><span class='ocrx_word' id='word_1_7' title='bbox 745 838 1048 920; x_wconf 78' lang='grc' dir='ltr'>καταφανὴς</span> <span class='ocrx_word' id='word_1_8' title='bbox 1091 831 1157 911; x_wconf 76' lang='grc' dir='ltr'>ἦν</span> <span class='ocrx_word' id='word_1_9' title='bbox 1199 842 1265 916; x_wconf 78' lang='grc' dir='ltr'>τῇ</span> <span class='ocrx_word' id='word_1_10' title='bbox 1313 842 1471 917; x_wconf 82' lang='grc' dir='ltr'>βουλῇ</span> <span class='ocrx_word' id='word_1_11' title='bbox 1524 838 1675 905; x_wconf 79' lang='grc' dir='ltr'>αὐτὸς</span> <span class='ocrx_word' id='word_1_12' title='bbox 1714 838 1815 906; x_wconf 74' lang='grc' dir='ltr'>θεὶς</span> <span class='ocrx_word' id='word_1_13' title='bbox 1859 839 1953 910; x_wconf 79' lang='grc' dir='ltr'>τὴν</span> <span class='ocrx_word' id='word_1_14' title='bbox 2004 842 2288 920; x_wconf 77' lang='grc' dir='ltr'><strong>ἱκετηρίαν.</strong></span> 
     </span>
     <span class='ocr_line' id='line_1_3' title="bbox 830 917 2292 1005; baseline 0.001 -20"><span class='ocrx_word' id='word_1_15' title='bbox 830 948 918 987; x_wconf 85' lang='grc'><strong>117.</strong></span> <span class='ocrx_word' id='word_1_16' title='bbox 960 927 1101 1005; x_wconf 87' lang='grc' dir='ltr'>Φέρε</span> <span class='ocrx_word' id='word_1_17' title='bbox 1135 927 1199 996; x_wconf 79' lang='grc' dir='ltr'>δὴ</span> <span class='ocrx_word' id='word_1_18' title='bbox 1232 925 1417 998; x_wconf 78' lang='grc' dir='ltr'>τοίνυν,</span> <span class='ocrx_word' id='word_1_19' title='bbox 1443 917 1487 984; x_wconf 77' lang='grc' dir='ltr'><em>ὦ</em></span> <span class='ocrx_word' id='word_1_20' title='bbox 1512 925 1689 1003; x_wconf 80' lang='grc' dir='ltr'>ἄνδρες</span> <span class='ocrx_word' id='word_1_21' title='bbox 1734 925 1890 1004; x_wconf 82' lang='grc' dir='ltr'>(τάχα</span> <span class='ocrx_word' id='word_1_22' title='bbox 1913 927 1980 1003; x_wconf 86' lang='grc' dir='ltr'>γὰ</span> <span class='ocrx_word' id='word_1_23' title='bbox 2058 927 2121 986; x_wconf 80' lang='grc' dir='ltr'>ἂν</span> <span class='ocrx_word' id='word_1_24' title='bbox 2166 928 2292 988; x_wconf 78' lang='grc' dir='ltr'>αὐτὸ</span> 
     </span>
     <span class='ocr_line' id='line_1_4' title="bbox 748 1003 2287 1085; baseline 0 -21"><span class='ocrx_word' id='word_1_25' title='bbox 748 1004 1015 1085; x_wconf 73' lang='grc' dir='ltr'>βούλοισθε</span> <span class='ocrx_word' id='word_1_26' title='bbox 1040 1003 1327 1082; x_wconf 82' lang='grc' dir='ltr'>πυθέσθαι),</span> <span class='ocrx_word' id='word_1_27' title='bbox 1352 1009 1379 1063; x_wconf 83' lang='grc' dir='ltr'>ὁ</span> <span class='ocrx_word' id='word_1_28' title='bbox 1410 1004 1463 1061; x_wconf 83' lang='grc' dir='ltr'>δὲ</span> <span class='ocrx_word' id='word_1_29' title='bbox 1495 1003 1728 1070; x_wconf 79' lang='grc' dir='ltr'>Καλλίας</span> <span class='ocrx_word' id='word_1_30' title='bbox 1756 1004 1805 1061; x_wconf 88' lang='grc' dir='ltr'>τί</span> <span class='ocrx_word' id='word_1_31' title='bbox 1849 1009 1973 1082; x_wconf 86' lang='grc' dir='ltr'>βουλ</span> <span class='ocrx_word' id='word_1_32' title='bbox 2004 1030 2152 1081; x_wconf 91' lang='grc' dir='ltr'>μενος</span> <span class='ocrx_word' id='word_1_33' title='bbox 2188 1007 2287 1064; x_wconf 81' lang='grc' dir='ltr'>ἐτί-</span> 
     </span>
    </p>
   </div>
   <div class='ocr_carea' id='block_1_3' title="bbox 744 1076 2289 1165">
    <p class='ocr_par' dir='ltr' id='par_1_3' title="bbox 744 1076 2289 1165">
     <span class='ocr_line' id='line_1_5' title="bbox 744 1076 2289 1165; baseline 0 -23"><span class='ocrx_word' id='word_1_34' title='bbox 744 1090 822 1143; x_wconf 86' lang='grc' dir='ltr'>θει</span> <span class='ocrx_word' id='word_1_35' title='bbox 866 1083 960 1156; x_wconf 76' lang='grc' dir='ltr'>τὴν</span> <span class='ocrx_word' id='word_1_36' title='bbox 1000 1082 1289 1161; x_wconf 70' lang='grc' dir='ltr'>ἱκετηρίαν,</span> <span class='ocrx_word' id='word_1_37' title='bbox 1327 1080 1428 1159; x_wconf 82' lang='grc' dir='ltr'>ἐγὼ</span> <span class='ocrx_word' id='word_1_38' title='bbox 1469 1080 1521 1139; x_wconf 84' lang='grc' dir='ltr'>δὲ</span> <span class='ocrx_word' id='word_1_39' title='bbox 1567 1086 1686 1154; x_wconf 79' lang='grc' dir='ltr'>ὑμῖν</span> <span class='ocrx_word' id='word_1_40' title='bbox 1724 1082 2044 1165; x_wconf 58' lang='grc' dir='ltr'>διηγήξομαι</span> <span class='ocrx_word' id='word_1_41' title='bbox 2084 1076 2156 1141; x_wconf 68' lang='grc' dir='ltr'>ὧν</span> <span class='ocrx_word' id='word_1_42' title='bbox 2199 1086 2289 1142; x_wconf 79' lang='grc' dir='ltr'>ὑπ’</span> 
     </span>
    </p>
   </div>
   <div class='ocr_carea' id='block_1_4' title="bbox 3698 726 3927 809">
    <p class='ocr_par' dir='ltr' id='par_1_4' title="bbox 3698 726 3927 809">
     <span class='ocr_line' id='line_1_6' title="bbox 3698 726 3927 809; baseline 0.017 -4"><span class='ocrx_word' id='word_1_43' title='bbox 3698 726 3927 809; x_wconf 67' lang='grc' dir='ltr'>(Ὴῑ)</span> 
     </span>
    </p>
   </div>
   <div class='ocr_carea' id='block_1_5' title="bbox 2376 854 3935 1098">
    <p class='ocr_par' dir='ltr' id='par_1_5' title="bbox 2376 854 3935 1098">
     <span class='ocr_line' id='line_1_7' title="bbox 2376 854 3931 927; baseline 0.009 -24"><span class='ocrx_word' id='word_1_44' title='bbox 2376 854 2475 915; x_wconf 80' lang='lat' dir='ltr'>iam</span> <span class='ocrx_word' id='word_1_45' title='bbox 2499 857 2683 906; x_wconf 84' lang='lat' dir='ltr'>senatui</span> <span class='ocrx_word' id='word_1_46' title='bbox 2702 871 2895 908; x_wconf 87' lang='lat' dir='ltr'>ramum</span> <span class='ocrx_word' id='word_1_47' title='bbox 2919 860 3055 908; x_wconf 90' lang='lat' dir='ltr'>illum</span> <span class='ocrx_word' id='word_1_48' title='bbox 3079 858 3142 909; x_wconf 87' lang='lat' dir='ltr'>ab</span> <span class='ocrx_word' id='word_1_49' title='bbox 3174 859 3278 923; x_wconf 84' lang='lat' dir='ltr'>ipso</span> <span class='ocrx_word' id='word_1_50' title='bbox 3303 860 3455 912; x_wconf 85' lang='lat' dir='ltr'>callia</span> <span class='ocrx_word' id='word_1_51' title='bbox 3476 860 3750 927; x_wconf 83' lang='lat' dir='ltr'>depositum</span> <span class='ocrx_word' id='word_1_52' title='bbox 3774 866 3931 918; x_wconf 74' lang='lat' dir='ltr'>misse.</span> 
     </span>
     <span class='ocr_line' id='line_1_8' title="bbox 2443 945 3934 1005; baseline 0.009 -16"><span class='ocrx_word' id='word_1_53' title='bbox 2443 946 2545 991; x_wconf 88' lang='grc'><strong>117.</strong></span> <span class='ocrx_word' id='word_1_54' title='bbox 2572 947 2752 993; x_wconf 85' lang='lat' dir='ltr'>verum</span> <span class='ocrx_word' id='word_1_55' title='bbox 2785 958 2995 1005; x_wconf 88' lang='lat' dir='ltr'>quanam</span> <span class='ocrx_word' id='word_1_56' title='bbox 3022 945 3217 995; x_wconf 85' lang='lat' dir='ltr'>tandem</span> <span class='ocrx_word' id='word_1_57' title='bbox 3242 947 3416 997; x_wconf 87' lang='lat' dir='ltr'>callias</span> <span class='ocrx_word' id='word_1_58' title='bbox 3448 947 3511 997; x_wconf 91' lang='lat' dir='ltr'>de</span> <span class='ocrx_word' id='word_1_59' title='bbox 3544 962 3695 999; x_wconf 84' lang='lat' dir='ltr'>causa</span> <span class='ocrx_word' id='word_1_60' title='bbox 3720 951 3770 1000; x_wconf 84' lang='lat' dir='ltr'>id</span> <span class='ocrx_word' id='word_1_61' title='bbox 3801 952 3934 1002; x_wconf 67' lang='grc' dir='ltr'>τεὼ·</span> 
     </span>
     <span class='ocr_line' id='line_1_9' title="bbox 2378 1026 3935 1098; baseline 0.008 -25"><span class='ocrx_word' id='word_1_62' title='bbox 2378 1026 2478 1073; x_wconf 82' lang='lat' dir='ltr'>set?</span> <span class='ocrx_word' id='word_1_63' title='bbox 2499 1051 2563 1061; x_wconf 93' lang='lat'><strong>—</strong></span> <span class='ocrx_word' id='word_1_64' title='bbox 2587 1039 2700 1075; x_wconf 87' lang='lat' dir='ltr'>nam</span> <span class='ocrx_word' id='word_1_65' title='bbox 2724 1027 2783 1075; x_wconf 91' lang='lat' dir='ltr'>de</span> <span class='ocrx_word' id='word_1_66' title='bbox 2809 1028 2902 1076; x_wconf 85' lang='lat' dir='ltr'>hoc</span> <span class='ocrx_word' id='word_1_67' title='bbox 2930 1034 3018 1077; x_wconf 73' lang='lat' dir='ltr'>vos</span> <span class='ocrx_word' id='word_1_68' title='bbox 3038 1042 3257 1090; x_wconf 80' lang='lat' dir='ltr'>quaerere</span> <span class='ocrx_word' id='word_1_69' title='bbox 3282 1035 3658 1082; x_wconf 85' lang='lat' dir='ltr'>consentaneum</span> <span class='ocrx_word' id='word_1_70' title='bbox 3684 1038 3776 1084; x_wconf 79' lang='lat' dir='ltr'>est.</span> <span class='ocrx_word' id='word_1_71' title='bbox 3840 1040 3935 1098; x_wconf 76' lang='lat' dir='ltr'>Ego</span> 
     </span>
    </p>
   </div>
   <div class='ocr_carea' id='block_1_6' title="bbox 2329 1106 3937 1177">
    <p class='ocr_par' dir='ltr' id='par_1_6' title="bbox 2329 1106 3937 1177">
     <span class='ocr_line' id='line_1_10' title="bbox 2329 1106 3937 1177; baseline 0.01 -26"><span class='ocrx_word' id='word_1_72' title='bbox 2329 1156 2330 1161; x_wconf 63' lang='lat'>,</span> <span class='ocrx_word' id='word_1_73' title='bbox 2379 1118 2494 1154; x_wconf 82' lang='lat' dir='ltr'>vero</span> <span class='ocrx_word' id='word_1_74' title='bbox 2513 1106 2670 1155; x_wconf 87' lang='lat' dir='ltr'>dicam</span> <span class='ocrx_word' id='word_1_75' title='bbox 2703 1108 2841 1157; x_wconf 80' lang='lat' dir='ltr'>vobis</span> <span class='ocrx_word' id='word_1_76' title='bbox 2861 1121 2949 1156; x_wconf 90' lang='lat' dir='ltr'>cur</span> <span class='ocrx_word' id='word_1_77' title='bbox 2967 1109 3086 1157; x_wconf 87' lang='lat' dir='ltr'>mihi</span> <span class='ocrx_word' id='word_1_78' title='bbox 3109 1110 3302 1159; x_wconf 75' lang='lat' dir='ltr'>insidias</span> <span class='ocrx_word' id='word_1_79' title='bbox 3320 1112 3572 1162; x_wconf 81' lang='lat' dir='ltr'>struxerit.</span> <span class='ocrx_word' id='word_1_80' title='bbox 3596 1115 3824 1177; x_wconf 74' lang='lat' dir='ltr'>Epilycus</span> <span class='ocrx_word' id='word_1_81' title='bbox 3838 1122 3937 1167; x_wconf 84' lang='lat' dir='ltr'>erat</span> 
     </span>
    </p>
   </div>
   <div class='ocr_carea' id='block_1_7' title="bbox 744 1158 3937 1253">
    <p class='ocr_par' dir='ltr' id='par_1_7' title="bbox 744 1158 3937 1253">
     <span class='ocr_line' id='line_1_11' title="bbox 744 1158 3937 1253; baseline 0.006 -24"><span class='ocrx_word' id='word_1_82' title='bbox 744 1164 906 1221; x_wconf 77' lang='grc' dir='ltr'>αὐτοῦ</span> <span class='ocrx_word' id='word_1_83' title='bbox 931 1160 1101 1220; x_wconf 78' lang='grc' dir='ltr'>εἵνεκα</span> <span class='ocrx_word' id='word_1_84' title='bbox 1132 1158 1526 1230; x_wconf 76' lang='grc' dir='ltr'>ἐπεὸουλεύθην.</span> <span class='ocrx_word' id='word_1_85' title='bbox 1570 1159 1849 1226; x_wconf 72' lang='grc' dir='ltr'>Ἐπίλυκος</span> <span class='ocrx_word' id='word_1_86' title='bbox 1870 1166 1933 1232; x_wconf 79' lang='grc' dir='ltr'>ἠν</span> <span class='ocrx_word' id='word_1_87' title='bbox 1955 1166 1982 1219; x_wconf 81' lang='grc' dir='ltr'><strong>ὁ</strong></span> <span class='ocrx_word' id='word_1_88' title='bbox 2001 1164 2292 1243; x_wconf 78' lang='grc' dir='ltr'>Τισάνδρου</span> <span class='ocrx_word' id='word_1_89' title='bbox 2329 1191 2332 1222; x_wconf 61' lang='lat'>1</span> <span class='ocrx_word' id='word_1_90' title='bbox 2380 1186 2595 1236; x_wconf 73' lang='lat' dir='ltr'>Tisanari</span> <span class='ocrx_word' id='word_1_91' title='bbox 2618 1189 2744 1238; x_wconf 76' lang='lat' dir='ltr'>auus</span> <span class='ocrx_word' id='word_1_92' title='bbox 2765 1191 3035 1253; x_wconf 64' lang='lat' dir='ltr'>avunculus</span> <span class='ocrx_word' id='word_1_93' title='bbox 3061 1191 3204 1249; x_wconf 78' lang='lat' dir='ltr'>mim,</span> <span class='ocrx_word' id='word_1_94' title='bbox 3237 1193 3405 1242; x_wconf 72' lang='lat' dir='ltr'>matris</span> <span class='ocrx_word' id='word_1_95' title='bbox 3428 1206 3551 1243; x_wconf 73' lang='lat' dir='ltr'>meae</span> <span class='ocrx_word' id='word_1_96' title='bbox 3579 1195 3731 1245; x_wconf 74' lang='lat' dir='ltr'>trater</span> <span class='ocrx_word' id='word_1_97' title='bbox 3752 1216 3765 1245; x_wconf 60' lang='grc' dir='ltr'>ι</span> <span class='ocrx_word' id='word_1_98' title='bbox 3790 1198 3868 1246; x_wconf 71' lang='lat' dir='ltr'>iiie</span> <span class='ocrx_word' id='word_1_99' title='bbox 3888 1201 3937 1248; x_wconf 72' lang='lat' dir='ltr'>in</span> 
     </span>
    </p>
   </div>
   <div class='ocr_carea' id='block_1_8' title="bbox 660 1236 2332 1320">
    <p class='ocr_par' dir='ltr' id='par_1_8' title="bbox 660 1236 2332 1320">
     <span class='ocr_line' id='line_1_12' title="bbox 660 1236 2332 1320; baseline 0.002 -25"><span class='ocrx_word' id='word_1_100' title='bbox 660 1256 713 1295; x_wconf 73' lang='lat'>³5</span> <span class='ocrx_word' id='word_1_101' title='bbox 744 1240 874 1305; x_wconf 82' lang='grc' dir='ltr'>θεῖός</span> <span class='ocrx_word' id='word_1_102' title='bbox 904 1265 1024 1317; x_wconf 92' lang='grc' dir='ltr'>μοι,</span> <span class='ocrx_word' id='word_1_103' title='bbox 1054 1237 1269 1320; x_wconf 70' lang='grc' dir='ltr'>ἀδελφὸς</span> <span class='ocrx_word' id='word_1_104' title='bbox 1308 1242 1400 1308; x_wconf 71' lang='grc' dir='ltr'>τῆς</span> <span class='ocrx_word' id='word_1_105' title='bbox 1428 1236 1619 1316; x_wconf 79' lang='grc' dir='ltr'>μητρὸς</span> <span class='ocrx_word' id='word_1_106' title='bbox 1651 1241 1740 1308; x_wconf 73' lang='grc' dir='ltr'>τῆς</span> <span class='ocrx_word' id='word_1_107' title='bbox 1780 1242 1937 1315; x_wconf 73' lang='grc' dir='ltr'>ἐμῆς·</span> <span class='ocrx_word' id='word_1_108' title='bbox 1969 1240 2191 1299; x_wconf 83' lang='grc' dir='ltr'>ἀπέθανε</span> <span class='ocrx_word' id='word_1_109' title='bbox 2235 1242 2288 1299; x_wconf 84' lang='grc' dir='ltr'>δὲ</span> <span class='ocrx_word' id='word_1_110' title='bbox 2329 1238 2332 1292; x_wconf 47' lang='grc' dir='ltr'><em>Ῠ</em></span> 
     </span>
    </p>
   </div>
   <div class='ocr_carea' id='block_1_9' title="bbox 662 1314 2292 1992">
    <p class='ocr_par' dir='ltr' id='par_1_9' title="bbox 662 1314 2292 1992">
     <span class='ocr_line' id='line_1_13' title="bbox 744 1314 2292 1398; baseline 0 -21"><span class='ocrx_word' id='word_1_111' title='bbox 744 1320 798 1377; x_wconf 68' lang='grc' dir='ltr'>ἓν</span> <span class='ocrx_word' id='word_1_112' title='bbox 844 1318 1062 1379; x_wconf 81' lang='grc' dir='ltr'>Σικελία</span> <span class='ocrx_word' id='word_1_113' title='bbox 1100 1317 1253 1381; x_wconf 82' lang='grc' dir='ltr'>ἅπαις</span> <span class='ocrx_word' id='word_1_114' title='bbox 1286 1314 1509 1395; x_wconf 79' lang='grc' dir='ltr'>ἀρρένων</span> <span class='ocrx_word' id='word_1_115' title='bbox 1553 1315 1773 1387; x_wconf 81' lang='grc' dir='ltr'>παίδων,</span> <span class='ocrx_word' id='word_1_116' title='bbox 1806 1318 2085 1398; x_wconf 84' lang='grc' dir='ltr'>θυγατέρας</span> <span class='ocrx_word' id='word_1_117' title='bbox 2108 1318 2160 1376; x_wconf 86' lang='grc' dir='ltr'>δὲ</span> <span class='ocrx_word' id='word_1_118' title='bbox 2202 1318 2292 1377; x_wconf 90' lang='grc' dir='ltr'>δύο</span> 
     </span>
     <span class='ocr_line' id='line_1_14' title="bbox 743 1379 2287 1475; baseline 0 -21"><span class='ocrx_word' id='word_1_119' title='bbox 743 1379 1072 1471; x_wconf 60' lang='grc' dir='ltr'>καταλιπών,</span> <span class='ocrx_word' id='word_1_120' title='bbox 1094 1393 1149 1451; x_wconf 75' lang='grc' dir='ltr'>αἳ</span> <span class='ocrx_word' id='word_1_121' title='bbox 1171 1393 1393 1471; x_wconf 80' lang='grc' dir='ltr'>ἐγίνοντο</span> <span class='ocrx_word' id='word_1_122' title='bbox 1416 1392 1486 1459; x_wconf 86' lang='grc' dir='ltr'>εἴς</span> <span class='ocrx_word' id='word_1_123' title='bbox 1507 1417 1562 1451; x_wconf 91' lang='grc' dir='ltr'>τε</span> <span class='ocrx_word' id='word_1_124' title='bbox 1590 1394 1681 1468; x_wconf 79' lang='grc' dir='ltr'>ἐμὲ</span> <span class='ocrx_word' id='word_1_125' title='bbox 1710 1393 1799 1452; x_wconf 75' lang='grc' dir='ltr'>καὶ</span> <span class='ocrx_word' id='word_1_126' title='bbox 1829 1398 2081 1475; x_wconf 85' lang='grc' dir='ltr'>Λέαγρον.</span> <span class='ocrx_word' id='word_1_127' title='bbox 2172 1400 2287 1473; x_wconf 76' lang='lat' dir='ltr'>(lta)</span> 
     </span>
     <span class='ocr_line' id='line_1_15' title="bbox 741 1472 2292 1562; baseline -0.001 -20"><span class='ocrx_word' id='word_1_128' title='bbox 741 1482 830 1543; x_wconf 76' lang='grc' dir='ltr'>Τὰ</span> <span class='ocrx_word' id='word_1_129' title='bbox 859 1482 912 1541; x_wconf 86' lang='grc' dir='ltr'>δὲ</span> <span class='ocrx_word' id='word_1_130' title='bbox 947 1482 1235 1562; x_wconf 87' lang='grc' dir='ltr'>πράγματα</span> <span class='ocrx_word' id='word_1_131' title='bbox 1260 1479 1326 1537; x_wconf 77' lang='grc' dir='ltr'>τὰ</span> <span class='ocrx_word' id='word_1_132' title='bbox 1354 1481 1487 1538; x_wconf 83' lang='grc' dir='ltr'>οἴκοι</span> <span class='ocrx_word' id='word_1_133' title='bbox 1514 1478 1748 1559; x_wconf 75' lang='grc' dir='ltr'>πονήρως</span> <span class='ocrx_word' id='word_1_134' title='bbox 1776 1472 1885 1561; x_wconf 70' lang='grc' dir='ltr'>εἶχε</span> <span class='ocrx_word' id='word_1_135' title='bbox 1902 1500 1917 1514; x_wconf 91' lang='grc'><em>·</em></span> <span class='ocrx_word' id='word_1_136' title='bbox 1944 1482 2039 1552; x_wconf 84' lang='grc' dir='ltr'>τὴν</span> <span class='ocrx_word' id='word_1_137' title='bbox 2071 1483 2164 1559; x_wconf 83' lang='grc' dir='ltr'>μὲν</span> <span class='ocrx_word' id='word_1_138' title='bbox 2190 1484 2292 1560; x_wconf 75' lang='grc' dir='ltr'>γὰρ</span> 
     </span>
     <span class='ocr_line' id='line_1_16' title="bbox 743 1565 2290 1648; baseline 0 -22"><span class='ocrx_word' id='word_1_139' title='bbox 743 1568 967 1648; x_wconf 78' lang='grc' dir='ltr'>φανερὰν</span> <span class='ocrx_word' id='word_1_140' title='bbox 995 1566 1175 1626; x_wconf 79' lang='grc' dir='ltr'>οὐσίαν</span> <span class='ocrx_word' id='word_1_141' title='bbox 1212 1566 1326 1624; x_wconf 76' lang='grc' dir='ltr'>οὐδὲ</span> <span class='ocrx_word' id='word_1_142' title='bbox 1356 1567 1496 1624; x_wconf 80' lang='grc' dir='ltr'>δυοῖν</span> <span class='ocrx_word' id='word_1_143' title='bbox 1536 1565 1808 1625; x_wconf 78' lang='grc' dir='ltr'>ταλάντοιν</span> <span class='ocrx_word' id='word_1_144' title='bbox 1836 1568 2114 1647; x_wconf 85' lang='grc' dir='ltr'>κατέλιπε,</span> <span class='ocrx_word' id='word_1_145' title='bbox 2141 1568 2208 1627; x_wconf 78' lang='grc' dir='ltr'>τὰ</span> <span class='ocrx_word' id='word_1_146' title='bbox 2237 1569 2290 1627; x_wconf 82' lang='grc' dir='ltr'>δὲ</span> 
     </span>
     <span class='ocr_line' id='line_1_17' title="bbox 742 1644 2290 1736; baseline -0.001 -22"><span class='ocrx_word' id='word_1_147' title='bbox 742 1656 1048 1736; x_wconf 80' lang='grc' dir='ltr'>ὀφειλόμενα</span> <span class='ocrx_word' id='word_1_148' title='bbox 1072 1652 1227 1712; x_wconf 84' lang='grc' dir='ltr'>πλέον</span> <span class='ocrx_word' id='word_1_149' title='bbox 1255 1644 1318 1724; x_wconf 71' lang='grc' dir='ltr'>ἦν</span> <span class='ocrx_word' id='word_1_150' title='bbox 1341 1653 1375 1723; x_wconf 78' lang='grc' dir='ltr'>ἢ</span> <span class='ocrx_word' id='word_1_151' title='bbox 1399 1651 1551 1712; x_wconf 82' lang='grc' dir='ltr'>πέντε</span> <span class='ocrx_word' id='word_1_152' title='bbox 1572 1653 1824 1717; x_wconf 86' lang='grc' dir='ltr'>τάλαντα.</span> <span class='ocrx_word' id='word_1_153' title='bbox 1902 1651 2091 1730; x_wconf 68' lang='grc' dir='ltr'>’Ὅμως</span> <span class='ocrx_word' id='word_1_154' title='bbox 2119 1657 2164 1713; x_wconf 88' lang='grc' dir='ltr'>δ’</span> <span class='ocrx_word' id='word_1_155' title='bbox 2188 1655 2290 1734; x_wconf 78' lang='grc' dir='ltr'>ἐγὼ</span> 
     </span>
     <span class='ocr_line' id='line_1_18' title="bbox 740 1739 2290 1820; baseline 0 -19"><span class='ocrx_word' id='word_1_156' title='bbox 740 1742 963 1807; x_wconf 78' lang='grc' dir='ltr'>καλέσας</span> <span class='ocrx_word' id='word_1_157' title='bbox 980 1740 1212 1820; x_wconf 83' lang='grc' dir='ltr'>Λέαγρον</span> <span class='ocrx_word' id='word_1_158' title='bbox 1234 1739 1459 1798; x_wconf 79' lang='grc' dir='ltr'>ἐναντίον</span> <span class='ocrx_word' id='word_1_159' title='bbox 1476 1743 1577 1797; x_wconf 83' lang='grc' dir='ltr'>τῶν</span> <span class='ocrx_word' id='word_1_160' title='bbox 1592 1739 1752 1820; x_wconf 74' lang='grc' dir='ltr'>φίλων</span> <span class='ocrx_word' id='word_1_161' title='bbox 1769 1739 1942 1819; x_wconf 83' lang='grc' dir='ltr'>ἔλεγον</span> <span class='ocrx_word' id='word_1_162' title='bbox 1958 1740 2192 1809; x_wconf 68' lang='grc' dir='ltr'>8τι,ταῦτ’</span> <span class='ocrx_word' id='word_1_163' title='bbox 2209 1743 2290 1814; x_wconf 86' lang='grc' dir='ltr'>εἴη</span> 
     </span>
     <span class='ocr_line' id='line_1_19' title="bbox 662 1826 2291 1911; baseline -0.001 -23"><span class='ocrx_word' id='word_1_164' title='bbox 662 1843 713 1882; x_wconf 76' lang='lat'>⁴⁰</span> <span class='ocrx_word' id='word_1_165' title='bbox 741 1831 939 1911; x_wconf 78' lang='grc' dir='ltr'>ἀνδρῶν</span> <span class='ocrx_word' id='word_1_166' title='bbox 963 1829 1259 1905; x_wconf 81' lang='grc' dir='ltr'>ἀγαθῶν,έν</span> <span class='ocrx_word' id='word_1_167' title='bbox 1275 1835 1380 1893; x_wconf 83' lang='grc' dir='ltr'>τοῖς</span> <span class='ocrx_word' id='word_1_168' title='bbox 1403 1826 1645 1894; x_wconf 83' lang='grc' dir='ltr'>τοιούτοις</span> <span class='ocrx_word' id='word_1_169' title='bbox 1657 1827 1906 1885; x_wconf 81' lang='grc' dir='ltr'>δεικνύναι</span> <span class='ocrx_word' id='word_1_170' title='bbox 1930 1827 2021 1896; x_wconf 78' lang='grc' dir='ltr'>τὰς</span> <span class='ocrx_word' id='word_1_171' title='bbox 2040 1830 2291 1901; x_wconf 81' lang='grc' dir='ltr'>οἰκειότη-</span> 
     </span>
     <span class='ocr_line' id='line_1_20' title="bbox 740 1911 2291 1992; baseline -0.001 -17"><span class='ocrx_word' id='word_1_172' title='bbox 740 1940 831 1982; x_wconf 89' lang='grc' dir='ltr'>τας</span> <span class='ocrx_word' id='word_1_173' title='bbox 853 1915 1114 1987; x_wconf 79' lang='grc' dir='ltr'>ἀλλήλοις.</span> <span class='ocrx_word' id='word_1_174' title='bbox 1198 1912 1309 1989; x_wconf 82' lang='grc'><strong>(119)</strong></span> <span class='ocrx_word' id='word_1_175' title='bbox 1337 1940 1359 1962; x_wconf 75' lang='grc' dir='ltr'>α</span> <span class='ocrx_word' id='word_1_176' title='bbox 1391 1911 1565 1988; x_wconf 63' lang='lat' dir='ltr'>‘Hp-&amp;c</span> <span class='ocrx_word' id='word_1_177' title='bbox 1584 1912 1685 1992; x_wconf 81' lang='grc' dir='ltr'>γὰρ</span> <span class='ocrx_word' id='word_1_178' title='bbox 1704 1916 1761 1972; x_wconf 77' lang='grc' dir='ltr'>οὗ</span> <span class='ocrx_word' id='word_1_179' title='bbox 1791 1913 1984 1972; x_wconf 85' lang='grc' dir='ltr'>δίκαιόν</span> <span class='ocrx_word' id='word_1_180' title='bbox 2008 1916 2144 1973; x_wconf 84' lang='grc' dir='ltr'>ἐστιν</span> <span class='ocrx_word' id='word_1_181' title='bbox 2174 1914 2291 1974; x_wconf 83' lang='grc' dir='ltr'>οὔτε</span> 
     </span>
    </p>
   </div>
   <div class='ocr_carea' id='block_1_10' title="bbox 739 2000 3935 2318">
    <p class='ocr_par' dir='ltr' id='par_1_10' title="bbox 739 2000 3935 2318">
     <span class='ocr_line' id='line_1_21' title="bbox 739 2000 2332 2090; baseline 0.001 -30"><span class='ocrx_word' id='word_1_182' title='bbox 739 2005 990 2084; x_wconf 78' lang='grc' dir='ltr'>χρήματα</span> <span class='ocrx_word' id='word_1_183' title='bbox 1037 2002 1185 2081; x_wconf 77' lang='grc' dir='ltr'>ἔτερα</span> <span class='ocrx_word' id='word_1_184' title='bbox 1214 2000 1320 2059; x_wconf 80' lang='grc' dir='ltr'>οὔτ’</span> <span class='ocrx_word' id='word_1_185' title='bbox 1366 2000 1609 2079; x_wconf 80' lang='grc' dir='ltr'>εὐτυχίαν</span> <span class='ocrx_word' id='word_1_186' title='bbox 1647 2000 1827 2082; x_wconf 81' lang='grc' dir='ltr'>ἀνδρὸς</span> <span class='ocrx_word' id='word_1_187' title='bbox 1875 2002 2107 2075; x_wconf 80' lang='grc' dir='ltr'>ἑλέσθαι,</span> <span class='ocrx_word' id='word_1_188' title='bbox 2153 2003 2289 2062; x_wconf 83' lang='grc' dir='ltr'>ὥστε</span> <span class='ocrx_word' id='word_1_189' title='bbox 2329 2032 2332 2090; x_wconf 38' lang='lat'><em>3</em></span> 
     </span>
     <span class='ocr_line' id='line_1_22' title="bbox 2051 2089 3935 2236; baseline 0.007 -25"><span class='ocrx_word' id='word_1_190' title='bbox 2051 2090 2157 2149; x_wconf 56' lang='grc' dir='ltr'>Καὶ</span> <span class='ocrx_word' id='word_1_191' title='bbox 2188 2089 2289 2169; x_wconf 61' lang='grc' dir='ltr'>γὰρ</span> <span class='ocrx_word' id='word_1_192' title='bbox 2329 2144 2332 2183; x_wconf 69' lang='lat'><strong><em>⁴</em></strong></span> <span class='ocrx_word' id='word_1_193' title='bbox 2381 2166 2626 2228; x_wconf 75' lang='lat' dir='ltr'>Epilycus</span> <span class='ocrx_word' id='word_1_194' title='bbox 2656 2170 2794 2216; x_wconf 82' lang='lat' dir='ltr'>enim</span> <span class='ocrx_word' id='word_1_195' title='bbox 2824 2170 2870 2217; x_wconf 81' lang='lat' dir='ltr'>sl</span> <span class='ocrx_word' id='word_1_196' title='bbox 2909 2168 3086 2217; x_wconf 81' lang='lat' dir='ltr'>adhuc</span> <span class='ocrx_word' id='word_1_197' title='bbox 3106 2171 3161 2217; x_wconf 78' lang='lat' dir='ltr'>in</span> <span class='ocrx_word' id='word_1_198' title='bbox 3194 2171 3326 2218; x_wconf 77' lang='lat' dir='ltr'>vivis</span> <span class='ocrx_word' id='word_1_199' title='bbox 3351 2173 3478 2219; x_wconf 87' lang='lat' dir='ltr'>esset</span> <span class='ocrx_word' id='word_1_200' title='bbox 3505 2174 3604 2221; x_wconf 86' lang='lat' dir='ltr'>aut</span> <span class='ocrx_word' id='word_1_201' title='bbox 3629 2175 3677 2221; x_wconf 84' lang='lat' dir='ltr'>si</span> <span class='ocrx_word' id='word_1_202' title='bbox 3717 2186 3935 2236; x_wconf 66' lang='lat' dir='ltr'>moyam</span> 
     </span>
     <span class='ocr_line' id='line_1_23' title="bbox 2330 2249 3934 2318; baseline 0.006 -22"><span class='ocrx_word' id='word_1_203' title='bbox 2330 2254 2332 2285; x_wconf 74' lang='lat'><em>³</em></span> <span class='ocrx_word' id='word_1_204' title='bbox 2378 2260 2493 2309; x_wconf 88' lang='lat' dir='ltr'>opes</span> <span class='ocrx_word' id='word_1_205' title='bbox 2529 2249 2824 2313; x_wconf 77' lang='lat' dir='ltr'>reliquisset</span> <span class='ocrx_word' id='word_1_206' title='bbox 2864 2249 3176 2309; x_wconf 81' lang='lat' dir='ltr'>defunctus,</span> <span class='ocrx_word' id='word_1_207' title='bbox 3196 2251 3379 2312; x_wconf 87' lang='lat' dir='ltr'>procul</span> <span class='ocrx_word' id='word_1_208' title='bbox 3407 2250 3566 2301; x_wconf 82' lang='lat' dir='ltr'>dubio</span> <span class='ocrx_word' id='word_1_209' title='bbox 3573 2252 3729 2314; x_wconf 78' lang='lat' dir='ltr'>filias</span> <span class='ocrx_word' id='word_1_210' title='bbox 3751 2256 3863 2318; x_wconf 76' lang='lat' dir='ltr'>ejus</span> <span class='ocrx_word' id='word_1_211' title='bbox 3882 2259 3934 2306; x_wconf 80' lang='grc'>111</span> 
     </span>
    </p>
   </div>
   <div class='ocr_carea' id='block_1_11' title="bbox 739 2086 2291 2516">
    <p class='ocr_par' dir='ltr' id='par_1_11' title="bbox 739 2086 2291 2516">
     <span class='ocr_line' id='line_1_24' title="bbox 740 2086 1947 2171; baseline -0.003 -22"><span class='ocrx_word' id='word_1_212' title='bbox 740 2093 1130 2171; x_wconf 73' lang='grc' dir='ltr'>καταφρονῆσαι</span> <span class='ocrx_word' id='word_1_213' title='bbox 1166 2091 1268 2146; x_wconf 86' lang='grc' dir='ltr'>τῶν</span> <span class='ocrx_word' id='word_1_214' title='bbox 1312 2086 1598 2146; x_wconf 85' lang='grc' dir='ltr'>Ἐπιλύκου</span> <span class='ocrx_word' id='word_1_215' title='bbox 1638 2089 1947 2167; x_wconf 84' lang='grc' dir='ltr'>θυγατέρων.</span> 
     </span>
     <span class='ocr_line' id='line_1_25' title="bbox 740 2172 2290 2257; baseline -0.001 -21"><span class='ocrx_word' id='word_1_216' title='bbox 740 2180 786 2236; x_wconf 81' lang='grc' dir='ltr'>εἶ</span> <span class='ocrx_word' id='word_1_217' title='bbox 813 2178 902 2250; x_wconf 81' lang='grc' dir='ltr'>ἔζη</span> <span class='ocrx_word' id='word_1_218' title='bbox 932 2176 1213 2241; x_wconf 84' lang='grc' dir='ltr'>Ἐπίλυκος</span> <span class='ocrx_word' id='word_1_219' title='bbox 1239 2173 1274 2245; x_wconf 78' lang='grc' dir='ltr'>ἢ</span> <span class='ocrx_word' id='word_1_220' title='bbox 1301 2172 1510 2241; x_wconf 79' lang='grc' dir='ltr'>τεθνεὼς</span> <span class='ocrx_word' id='word_1_221' title='bbox 1540 2174 1709 2232; x_wconf 74' lang='grc' dir='ltr'>πολλὰ</span> <span class='ocrx_word' id='word_1_222' title='bbox 1730 2175 1978 2235; x_wconf 88' lang='grc' dir='ltr'>κατέλιπε</span> <span class='ocrx_word' id='word_1_223' title='bbox 2005 2176 2290 2257; x_wconf 77' lang='grc' dir='ltr'>χρήματα,</span> 
     </span>
     <span class='ocr_line' id='line_1_26' title="bbox 741 2259 2287 2340; baseline 0 -19"><span class='ocrx_word' id='word_1_224' title='bbox 741 2264 980 2339; x_wconf 80' lang='grc' dir='ltr'>ἠξιοῦμεν</span> <span class='ocrx_word' id='word_1_225' title='bbox 1016 2262 1079 2321; x_wconf 79' lang='grc' dir='ltr'>ἂν</span> <span class='ocrx_word' id='word_1_226' title='bbox 1106 2260 1241 2339; x_wconf 81' lang='grc' dir='ltr'>γένει</span> <span class='ocrx_word' id='word_1_227' title='bbox 1270 2261 1410 2326; x_wconf 85' lang='grc' dir='ltr'>ὄντες</span> <span class='ocrx_word' id='word_1_228' title='bbox 1459 2259 1723 2336; x_wconf 75' lang='grc' dir='ltr'>ἐγγυτάτω</span> <span class='ocrx_word' id='word_1_229' title='bbox 1768 2260 1904 2340; x_wconf 83' lang='grc' dir='ltr'>ἔχειν</span> <span class='ocrx_word' id='word_1_230' title='bbox 1950 2262 2043 2329; x_wconf 78' lang='grc' dir='ltr'>τὰς</span> <span class='ocrx_word' id='word_1_231' title='bbox 2078 2264 2287 2331; x_wconf 81' lang='grc' dir='ltr'>παῖδας.</span> 
     </span>
     <span class='ocr_line' id='line_1_27' title="bbox 739 2341 2291 2427; baseline 0 -19"><span class='ocrx_word' id='word_1_232' title='bbox 739 2350 1020 2427; x_wconf 70' lang='grc' dir='ltr'>’Τοιγάρτοι</span> <span class='ocrx_word' id='word_1_233' title='bbox 1066 2351 1235 2407; x_wconf 80' lang='grc' dir='ltr'>ἐκεῖνα</span> <span class='ocrx_word' id='word_1_234' title='bbox 1278 2345 1369 2424; x_wconf 77' lang='grc' dir='ltr'>μὲν</span> <span class='ocrx_word' id='word_1_235' title='bbox 1403 2347 1467 2404; x_wconf 88' lang='grc' dir='ltr'>δι’</span> <span class='ocrx_word' id='word_1_236' title='bbox 1496 2347 1776 2407; x_wconf 86' lang='grc' dir='ltr'>Ἐπίλυκον</span> <span class='ocrx_word' id='word_1_237' title='bbox 1820 2348 1883 2406; x_wconf 77' lang='grc' dir='ltr'>ἂν</span> <span class='ocrx_word' id='word_1_238' title='bbox 1919 2341 1982 2420; x_wconf 71' lang='grc' dir='ltr'>ἦν</span> <span class='ocrx_word' id='word_1_239' title='bbox 2019 2349 2054 2419; x_wconf 75' lang='grc' dir='ltr'>ἢ</span> <span class='ocrx_word' id='word_1_240' title='bbox 2098 2350 2183 2407; x_wconf 79' lang='grc' dir='ltr'>διὰ</span> <span class='ocrx_word' id='word_1_241' title='bbox 2224 2350 2291 2408; x_wconf 81' lang='grc' dir='ltr'>τὰ</span> 
     </span>
     <span class='ocr_line' id='line_1_28' title="bbox 741 2432 2285 2516; baseline 0.001 -22"><span class='ocrx_word' id='word_1_242' title='bbox 741 2438 1020 2516; x_wconf 77' lang='grc' dir='ltr'>γρήματα·</span> <span class='ocrx_word' id='word_1_243' title='bbox 1040 2441 1126 2494; x_wconf 91' lang='grc' dir='ltr'>νῦν</span> <span class='ocrx_word' id='word_1_244' title='bbox 1145 2434 1200 2494; x_wconf 82' lang='grc' dir='ltr'>δὲ</span> <span class='ocrx_word' id='word_1_245' title='bbox 1223 2434 1308 2493; x_wconf 82' lang='grc' dir='ltr'>διὰ</span> <span class='ocrx_word' id='word_1_246' title='bbox 1331 2432 1424 2505; x_wconf 76' lang='grc' dir='ltr'>τὴν</span> <span class='ocrx_word' id='word_1_247' title='bbox 1444 2433 1702 2512; x_wconf 83' lang='grc' dir='ltr'>ἡμετέραν</span> <span class='ocrx_word' id='word_1_248' title='bbox 1726 2434 1912 2514; x_wconf 78' lang='grc' dir='ltr'>ἀρετὴν</span> <span class='ocrx_word' id='word_1_249' title='bbox 1977 2438 2102 2494; x_wconf 88' lang='grc' dir='ltr'>τάδε</span> <span class='ocrx_word' id='word_1_250' title='bbox 2121 2436 2285 2495; x_wconf 89' lang='grc' dir='ltr'>ἔσται.</span> 
     </span>
    </p>
   </div>
   <div class='ocr_carea' id='block_1_12' title="bbox 662 2523 2332 2611">
    <p class='ocr_par' dir='ltr' id='par_1_12' title="bbox 662 2523 2332 2611">
     <span class='ocr_line' id='line_1_29' title="bbox 662 2523 2332 2611; baseline -0.004 -17"><span class='ocrx_word' id='word_1_251' title='bbox 662 2544 724 2594; x_wconf 84' lang='grc'>18</span> <span class='ocrx_word' id='word_1_252' title='bbox 742 2536 853 2603; x_wconf 73' lang='grc' dir='ltr'>Τῆς</span> <span class='ocrx_word' id='word_1_253' title='bbox 881 2532 973 2609; x_wconf 86' lang='grc' dir='ltr'>μὲν</span> <span class='ocrx_word' id='word_1_254' title='bbox 1003 2523 1088 2591; x_wconf 71' lang='grc' dir='ltr'>οῦν</span> <span class='ocrx_word' id='word_1_255' title='bbox 1117 2531 1179 2590; x_wconf 72' lang='grc' dir='ltr'>σὺ</span> <span class='ocrx_word' id='word_1_256' title='bbox 1203 2530 1529 2605; x_wconf 84' lang='grc' dir='ltr'>ἐπιδικάζου,</span> <span class='ocrx_word' id='word_1_257' title='bbox 1558 2534 1652 2601; x_wconf 80' lang='grc' dir='ltr'>τῆς</span> <span class='ocrx_word' id='word_1_258' title='bbox 1680 2528 1734 2588; x_wconf 75' lang='grc' dir='ltr'>δὲ</span> <span class='ocrx_word' id='word_1_259' title='bbox 1762 2531 1879 2609; x_wconf 81' lang='grc' dir='ltr'>ἐγώ.</span> <span class='ocrx_word' id='word_1_260' title='bbox 1906 2559 1929 2582; x_wconf 72' lang='lat' dir='ltr'>n</span> <span class='ocrx_word' id='word_1_261' title='bbox 1974 2532 2092 2610; x_wconf 70' lang='lat'><strong>(120)</strong></span> <span class='ocrx_word' id='word_1_262' title='bbox 2120 2531 2292 2611; x_wconf 78' lang='grc' dir='ltr'>Ὧμο·</span> <span class='ocrx_word' id='word_1_263' title='bbox 2330 2572 2332 2588; x_wconf 86' lang='grc'>.</span> 
     </span>
    </p>
   </div>
   <div class='ocr_carea' id='block_1_13' title="bbox 667 2609 2291 4449">
    <p class='ocr_par' dir='ltr' id='par_1_13' title="bbox 667 2609 2291 4449">
     <span class='ocr_line' id='line_1_30' title="bbox 742 2609 2289 2697; baseline -0.001 -19"><span class='ocrx_word' id='word_1_264' title='bbox 742 2619 936 2697; x_wconf 83' lang='grc' dir='ltr'>λόγησέ</span> <span class='ocrx_word' id='word_1_265' title='bbox 968 2643 1082 2696; x_wconf 92' lang='grc' dir='ltr'>μοι,</span> <span class='ocrx_word' id='word_1_266' title='bbox 1110 2609 1154 2676; x_wconf 75' lang='grc' dir='ltr'><em>ὦ</em></span> <span class='ocrx_word' id='word_1_267' title='bbox 1183 2617 1378 2695; x_wconf 83' lang='grc' dir='ltr'>ἄνδρες.</span> <span class='ocrx_word' id='word_1_268' title='bbox 1461 2616 1923 2693; x_wconf 83' lang='grc' dir='ltr'>Ἐπεδικασάμεθα</span> <span class='ocrx_word' id='word_1_269' title='bbox 1960 2618 2122 2697; x_wconf 81' lang='grc' dir='ltr'>ἄμφω</span> <span class='ocrx_word' id='word_1_270' title='bbox 2153 2620 2289 2677; x_wconf 78' lang='grc' dir='ltr'>κατὰ</span> 
     </span>
     <span class='ocr_line' id='line_1_31' title="bbox 736 2696 2290 2788; baseline 0 -25"><span class='ocrx_word' id='word_1_271' title='bbox 736 2704 832 2776; x_wconf 74' lang='grc' dir='ltr'>τὴν</span> <span class='ocrx_word' id='word_1_272' title='bbox 860 2705 989 2788; x_wconf 78' lang='grc' dir='ltr'>πρὸς</span> <span class='ocrx_word' id='word_1_273' title='bbox 1021 2711 1159 2782; x_wconf 79' lang='grc' dir='ltr'>ἡμᾶς</span> <span class='ocrx_word' id='word_1_274' title='bbox 1197 2703 1494 2782; x_wconf 79' lang='grc' dir='ltr'>ὁμολογίαν·</span> <span class='ocrx_word' id='word_1_275' title='bbox 1576 2703 1666 2761; x_wconf 73' lang='grc' dir='ltr'>καὶ</span> <span class='ocrx_word' id='word_1_276' title='bbox 1707 2696 1771 2775; x_wconf 68' lang='grc' dir='ltr'>ἧς</span> <span class='ocrx_word' id='word_1_277' title='bbox 1796 2704 1889 2780; x_wconf 84' lang='grc' dir='ltr'>μὲν</span> <span class='ocrx_word' id='word_1_278' title='bbox 1916 2704 2018 2781; x_wconf 80' lang='grc' dir='ltr'>ἐγὼ</span> <span class='ocrx_word' id='word_1_279' title='bbox 2050 2707 2290 2764; x_wconf 74' lang='grc' dir='ltr'>ἐπεδικα-</span> 
     </span>
     <span class='ocr_line' id='line_1_32' title="bbox 738 2790 2289 2871; baseline -0.001 -20"><span class='ocrx_word' id='word_1_280' title='bbox 738 2792 938 2870; x_wconf 87' lang='grc' dir='ltr'>σάμην,</span> <span class='ocrx_word' id='word_1_281' title='bbox 973 2798 1002 2865; x_wconf 83' lang='grc' dir='ltr'>ἡ</span> <span class='ocrx_word' id='word_1_282' title='bbox 1030 2794 1150 2859; x_wconf 81' lang='grc' dir='ltr'>παῖς</span> <span class='ocrx_word' id='word_1_283' title='bbox 1173 2791 1307 2871; x_wconf 85' lang='grc' dir='ltr'>τύχῃ</span> <span class='ocrx_word' id='word_1_284' title='bbox 1335 2790 1645 2869; x_wconf 80' lang='grc' dir='ltr'>χρησαμένη</span> <span class='ocrx_word' id='word_1_285' title='bbox 1672 2796 1913 2866; x_wconf 80' lang='grc' dir='ltr'>καμοῦσα</span> <span class='ocrx_word' id='word_1_286' title='bbox 1958 2790 2229 2850; x_wconf 87' lang='grc' dir='ltr'>ἀπέθανεν·</span> <span class='ocrx_word' id='word_1_287' title='bbox 2255 2798 2289 2864; x_wconf 78' lang='grc' dir='ltr'>ἡ</span> 
     </span>
     <span class='ocr_line' id='line_1_33' title="bbox 742 2884 2289 2967; baseline 0 -22"><span class='ocrx_word' id='word_1_288' title='bbox 742 2888 788 2944; x_wconf 86' lang='grc' dir='ltr'>δ’</span> <span class='ocrx_word' id='word_1_289' title='bbox 815 2887 965 2967; x_wconf 81' lang='grc' dir='ltr'>ἑτέρα</span> <span class='ocrx_word' id='word_1_290' title='bbox 998 2886 1134 2944; x_wconf 85' lang='grc' dir='ltr'>ἔστιν</span> <span class='ocrx_word' id='word_1_291' title='bbox 1164 2885 1259 2944; x_wconf 84' lang='grc' dir='ltr'>ἔτι.</span> <span class='ocrx_word' id='word_1_292' title='bbox 1342 2884 1553 2956; x_wconf 79' lang='grc' dir='ltr'>Ταύτην</span> <span class='ocrx_word' id='word_1_293' title='bbox 1585 2886 1820 2951; x_wconf 86' lang='grc' dir='ltr'>Καλλίας</span> <span class='ocrx_word' id='word_1_294' title='bbox 1841 2885 2006 2945; x_wconf 85' lang='grc' dir='ltr'>ἔπειθε</span> <span class='ocrx_word' id='word_1_295' title='bbox 2035 2886 2289 2967; x_wconf 82' lang='grc' dir='ltr'>Λέαγρον,</span> 
     </span>
     <span class='ocr_line' id='line_1_34' title="bbox 682 2973 2291 3053; baseline 0.001 -23"><span class='ocrx_word' id='word_1_296' title='bbox 682 2994 707 3030; x_wconf 72' lang='grc' dir='ltr'>ο</span> <span class='ocrx_word' id='word_1_297' title='bbox 741 2975 993 3053; x_wconf 77' lang='grc' dir='ltr'>χρήματα</span> <span class='ocrx_word' id='word_1_298' title='bbox 1023 2973 1449 3051; x_wconf 83' lang='grc' dir='ltr'>ὑπισχνούμενος,</span> <span class='ocrx_word' id='word_1_299' title='bbox 1479 2976 1569 3053; x_wconf 75' lang='grc' dir='ltr'>ἐᾷν</span> <span class='ocrx_word' id='word_1_300' title='bbox 1593 2973 1746 3031; x_wconf 82' lang='grc' dir='ltr'>αὐτὸν</span> <span class='ocrx_word' id='word_1_301' title='bbox 1772 2974 1967 3031; x_wconf 76' lang='grc' dir='ltr'>λαὸεἷν·</span> <span class='ocrx_word' id='word_1_302' title='bbox 1994 2974 2291 3051; x_wconf 81' lang='grc' dir='ltr'>αἰσθόμενος</span> 
     </span>
     <span class='ocr_line' id='line_1_35' title="bbox 740 3058 2290 3142; baseline 0.001 -23"><span class='ocrx_word' id='word_1_303' title='bbox 740 3062 785 3120; x_wconf 84' lang='grc' dir='ltr'>δ’</span> <span class='ocrx_word' id='word_1_304' title='bbox 812 3061 912 3138; x_wconf 83' lang='grc' dir='ltr'>ἐγὼ</span> <span class='ocrx_word' id='word_1_305' title='bbox 939 3061 1084 3127; x_wconf 75' lang='grc' dir='ltr'>εὐθὺς</span> <span class='ocrx_word' id='word_1_306' title='bbox 1125 3061 1285 3131; x_wconf 85' lang='grc' dir='ltr'>ἔθηκα</span> <span class='ocrx_word' id='word_1_307' title='bbox 1332 3058 1682 3138; x_wconf 88' lang='grc' dir='ltr'>παράστασιν,</span> <span class='ocrx_word' id='word_1_308' title='bbox 1711 3061 1801 3118; x_wconf 79' lang='grc' dir='ltr'>καὶ</span> <span class='ocrx_word' id='word_1_309' title='bbox 1829 3060 2015 3139; x_wconf 84' lang='grc' dir='ltr'>ἔλαχον</span> <span class='ocrx_word' id='word_1_310' title='bbox 2058 3067 2290 3142; x_wconf 85' lang='grc' dir='ltr'>προτέρῳ</span> 
     </span>
     <span class='ocr_line' id='line_1_36' title="bbox 739 3145 2288 3227; baseline 0.001 -21"><span class='ocrx_word' id='word_1_311' title='bbox 739 3149 836 3226; x_wconf 81' lang='grc' dir='ltr'>μὲν</span> <span class='ocrx_word' id='word_1_312' title='bbox 880 3148 1131 3227; x_wconf 80' lang='grc' dir='ltr'>Λεάγρῳ,</span> <span class='ocrx_word' id='word_1_313' title='bbox 1162 3147 1239 3206; x_wconf 81' lang='grc' dir='ltr'>ὅτι</span> <span class='ocrx_word' id='word_1_314' title='bbox 1272 3174 1295 3200; x_wconf 81' lang='grc' dir='ltr'>ιι</span> <span class='ocrx_word' id='word_1_315' title='bbox 1324 3150 1369 3205; x_wconf 77' lang='grc' dir='ltr'>εἰ</span> <span class='ocrx_word' id='word_1_316' title='bbox 1408 3145 1500 3224; x_wconf 77' lang='grc' dir='ltr'>μὲν</span> <span class='ocrx_word' id='word_1_317' title='bbox 1547 3145 1610 3205; x_wconf 70' lang='grc' dir='ltr'>σὺ</span> <span class='ocrx_word' id='word_1_318' title='bbox 1654 3147 1826 3224; x_wconf 81' lang='grc' dir='ltr'>βούλει</span> <span class='ocrx_word' id='word_1_319' title='bbox 1873 3149 2288 3224; x_wconf 83' lang='grc' dir='ltr'>ἐπιδικάζεσθαι,</span> 
     </span>
     <span class='ocr_line' id='line_1_37' title="bbox 737 3233 2287 3316; baseline 0.002 -21"><span class='ocrx_word' id='word_1_320' title='bbox 737 3235 827 3314; x_wconf 69' lang='grc' dir='ltr'>ἔχε</span> <span class='ocrx_word' id='word_1_321' title='bbox 854 3235 987 3314; x_wconf 82' lang='grc' dir='ltr'>τύχῃ</span> <span class='ocrx_word' id='word_1_322' title='bbox 1017 3239 1213 3313; x_wconf 80' lang='grc' dir='ltr'>ἀγαθῇ,</span> <span class='ocrx_word' id='word_1_323' title='bbox 1243 3238 1287 3294; x_wconf 84' lang='grc' dir='ltr'>εἷ</span> <span class='ocrx_word' id='word_1_324' title='bbox 1311 3234 1365 3292; x_wconf 84' lang='grc' dir='ltr'>δὲ</span> <span class='ocrx_word' id='word_1_325' title='bbox 1396 3234 1499 3310; x_wconf 83' lang='grc' dir='ltr'>μή,</span> <span class='ocrx_word' id='word_1_326' title='bbox 1527 3233 1628 3311; x_wconf 84' lang='grc' dir='ltr'>ἐγὼ</span> <span class='ocrx_word' id='word_1_327' title='bbox 1649 3235 2038 3311; x_wconf 81' lang='grc' dir='ltr'>ἐπιδικάσομαι.</span> <span class='ocrx_word' id='word_1_328' title='bbox 2068 3264 2090 3289; x_wconf 71' lang='lat' dir='ltr'>a</span> <span class='ocrx_word' id='word_1_329' title='bbox 2174 3240 2287 3316; x_wconf 76' lang='grc'><strong>(121)</strong></span> 
     </span>
     <span class='ocr_line' id='line_1_38' title="bbox 738 3321 2286 3402; baseline 0.001 -23"><span class='ocrx_word' id='word_1_330' title='bbox 738 3322 897 3389; x_wconf 79' lang='grc' dir='ltr'>Γνοὺς</span> <span class='ocrx_word' id='word_1_331' title='bbox 925 3328 1089 3381; x_wconf 90' lang='grc' dir='ltr'>ταῦτα</span> <span class='ocrx_word' id='word_1_332' title='bbox 1120 3322 1353 3389; x_wconf 84' lang='grc' dir='ltr'>Καλλίας</span> <span class='ocrx_word' id='word_1_333' title='bbox 1380 3321 1632 3399; x_wconf 86' lang='grc' dir='ltr'>λαγχάνει</span> <span class='ocrx_word' id='word_1_334' title='bbox 1655 3324 1728 3400; x_wconf 83' lang='grc' dir='ltr'>τῷ</span> <span class='ocrx_word' id='word_1_335' title='bbox 1756 3325 1856 3381; x_wconf 78' lang='grc' dir='ltr'>υἱεῖ</span> <span class='ocrx_word' id='word_1_336' title='bbox 1879 3327 1953 3402; x_wconf 82' lang='grc' dir='ltr'>τῷ</span> <span class='ocrx_word' id='word_1_337' title='bbox 1982 3328 2164 3382; x_wconf 82' lang='grc' dir='ltr'>ἑαυτοῦ</span> <span class='ocrx_word' id='word_1_338' title='bbox 2194 3330 2286 3397; x_wconf 73' lang='grc' dir='ltr'>τῆς</span> 
     </span>
     <span class='ocr_line' id='line_1_39' title="bbox 741 3407 2288 3488; baseline 0.001 -20"><span class='ocrx_word' id='word_1_339' title='bbox 741 3409 1022 3488; x_wconf 72' lang='grc' dir='ltr'>ἐπικλήρου</span> <span class='ocrx_word' id='word_1_340' title='bbox 1041 3455 1055 3480; x_wconf 93' lang='grc'>,</span> <span class='ocrx_word' id='word_1_341' title='bbox 1084 3413 1146 3486; x_wconf 80' lang='grc' dir='ltr'>τῇ</span> <span class='ocrx_word' id='word_1_342' title='bbox 1174 3410 1361 3483; x_wconf 81' lang='grc' dir='ltr'>δεκάτῃ</span> <span class='ocrx_word' id='word_1_343' title='bbox 1382 3407 1657 3483; x_wconf 76' lang='grc' dir='ltr'>ἱσταμένου</span> <span class='ocrx_word' id='word_1_344' title='bbox 1671 3453 1689 3483; x_wconf 90' lang='grc'>,</span> <span class='ocrx_word' id='word_1_345' title='bbox 1704 3407 1788 3466; x_wconf 79' lang='grc' dir='ltr'>ἵνα</span> <span class='ocrx_word' id='word_1_346' title='bbox 1810 3410 1883 3486; x_wconf 86' lang='grc' dir='ltr'>μὴ</span> <span class='ocrx_word' id='word_1_347' title='bbox 1904 3411 2288 3488; x_wconf 76' lang='grc' dir='ltr'>ἐπιδικάσωμαι</span> 
     </span>
     <span class='ocr_line' id='line_1_40' title="bbox 737 3495 859 3574; baseline 0 -19"><span class='ocrx_word' id='word_1_348' title='bbox 737 3495 859 3574; x_wconf 78' lang='grc' dir='ltr'>ἐγώ.</span> 
     </span>
     <span class='ocr_line' id='line_1_41' title="bbox 736 3580 2287 3665; baseline -0.002 -23"><span class='ocrx_word' id='word_1_349' title='bbox 736 3583 894 3665; x_wconf 79' lang='grc' dir='ltr'>φισίῳ</span> <span class='ocrx_word' id='word_1_350' title='bbox 920 3583 1091 3663; x_wconf 88' lang='grc' dir='ltr'>χιλίας</span> <span class='ocrx_word' id='word_1_351' title='bbox 1117 3581 1355 3663; x_wconf 79' lang='grc' dir='ltr'>δραχμὰς</span> <span class='ocrx_word' id='word_1_352' title='bbox 1382 3580 1661 3639; x_wconf 79' lang='grc' dir='ltr'>ἐνδείκνυσί</span> <span class='ocrx_word' id='word_1_353' title='bbox 1688 3605 1754 3658; x_wconf 89' lang='grc' dir='ltr'>με</span> <span class='ocrx_word' id='word_1_354' title='bbox 1780 3581 1869 3640; x_wconf 84' lang='grc' dir='ltr'>καὶ</span> <span class='ocrx_word' id='word_1_355' title='bbox 1899 3585 1969 3648; x_wconf 85' lang='grc' dir='ltr'>εἷς</span> <span class='ocrx_word' id='word_1_356' title='bbox 1996 3582 2080 3640; x_wconf 86' lang='grc' dir='ltr'>τὸν</span> <span class='ocrx_word' id='word_1_357' title='bbox 2111 3586 2287 3659; x_wconf 84' lang='grc' dir='ltr'>ἀγῶνα</span> 
     </span>
     <span class='ocr_line' id='line_1_42' title="bbox 737 3674 2284 3755; baseline -0.003 -17"><span class='ocrx_word' id='word_1_358' title='bbox 737 3685 917 3738; x_wconf 89' lang='grc' dir='ltr'>τοῦτον</span> <span class='ocrx_word' id='word_1_359' title='bbox 944 3678 1266 3749; x_wconf 82' lang='grc' dir='ltr'>καθίστησιν.</span> <span class='ocrx_word' id='word_1_360' title='bbox 1353 3675 1566 3746; x_wconf 83' lang='grc' dir='ltr'>Ἐπειδὴ</span> <span class='ocrx_word' id='word_1_361' title='bbox 1595 3677 1638 3734; x_wconf 87' lang='grc' dir='ltr'>δ’</span> <span class='ocrx_word' id='word_1_362' title='bbox 1666 3675 1801 3755; x_wconf 83' lang='grc' dir='ltr'>ἑώρα</span> <span class='ocrx_word' id='word_1_363' title='bbox 1829 3698 1895 3753; x_wconf 91' lang='grc' dir='ltr'>με</span> <span class='ocrx_word' id='word_1_364' title='bbox 1938 3674 2284 3753; x_wconf 81' lang='grc' dir='ltr'>ὑπομένοντα,</span> 
     </span>
     <span class='ocr_line' id='line_1_43' title="bbox 738 3762 2287 3846; baseline -0.003 -22"><span class='ocrx_word' id='word_1_365' title='bbox 738 3767 911 3837; x_wconf 89' lang='grc' dir='ltr'>τίθησι</span> <span class='ocrx_word' id='word_1_366' title='bbox 937 3766 1030 3836; x_wconf 81' lang='grc' dir='ltr'>τὴν</span> <span class='ocrx_word' id='word_1_367' title='bbox 1057 3765 1342 3846; x_wconf 74' lang='grc' dir='ltr'>ἱκετηρίαν,</span> <span class='ocrx_word' id='word_1_368' title='bbox 1374 3766 1443 3830; x_wconf 81' lang='grc' dir='ltr'>ὡς</span> <span class='ocrx_word' id='word_1_369' title='bbox 1474 3762 1566 3840; x_wconf 81' lang='grc' dir='ltr'>ἐμὲ</span> <span class='ocrx_word' id='word_1_370' title='bbox 1597 3762 1689 3840; x_wconf 83' lang='grc' dir='ltr'>μὲν</span> <span class='ocrx_word' id='word_1_371' title='bbox 1734 3766 2032 3821; x_wconf 77' lang='grc' dir='ltr'>ἀποκτενῶν</span> <span class='ocrx_word' id='word_1_372' title='bbox 2076 3764 2287 3844; x_wconf 77' lang='grc' dir='ltr'>ἄκριτον</span> 
     </span>
     <span class='ocr_line' id='line_1_44' title="bbox 667 3850 2286 3929; baseline -0.001 -21"><span class='ocrx_word' id='word_1_373' title='bbox 667 3870 715 3908; x_wconf 87' lang='lat'>10</span> <span class='ocrx_word' id='word_1_374' title='bbox 740 3854 776 3923; x_wconf 78' lang='grc' dir='ltr'>ἢ</span> <span class='ocrx_word' id='word_1_375' title='bbox 805 3853 1006 3921; x_wconf 72' lang='grc' dir='ltr'>ἐξελῶν,</span> <span class='ocrx_word' id='word_1_376' title='bbox 1055 3852 1206 3918; x_wconf 75' lang='grc' dir='ltr'>αὐτὸς</span> <span class='ocrx_word' id='word_1_377' title='bbox 1252 3851 1304 3910; x_wconf 82' lang='grc' dir='ltr'>δὲ</span> <span class='ocrx_word' id='word_1_378' title='bbox 1335 3851 1528 3908; x_wconf 84' lang='grc' dir='ltr'>πείσων</span> <span class='ocrx_word' id='word_1_379' title='bbox 1569 3850 1802 3929; x_wconf 85' lang='grc' dir='ltr'>Λέαγρον</span> <span class='ocrx_word' id='word_1_380' title='bbox 1845 3850 2084 3928; x_wconf 72' lang='grc' dir='ltr'>χρήμασι</span> <span class='ocrx_word' id='word_1_381' title='bbox 2117 3873 2286 3908; x_wconf 81' lang='grc' dir='ltr'>συνοι-</span> 
     </span>
     <span class='ocr_line' id='line_1_45' title="bbox 742 3936 2286 4018; baseline -0.003 -20"><span class='ocrx_word' id='word_1_382' title='bbox 742 3940 916 4011; x_wconf 79' lang='grc' dir='ltr'>κήσων</span> <span class='ocrx_word' id='word_1_383' title='bbox 943 3944 1009 4018; x_wconf 74' lang='grc' dir='ltr'>τῇ</span> <span class='ocrx_word' id='word_1_384' title='bbox 1052 3939 1337 3998; x_wconf 84' lang='grc' dir='ltr'>Ἐπιλύκου</span> <span class='ocrx_word' id='word_1_385' title='bbox 1365 3937 1597 4017; x_wconf 85' lang='grc' dir='ltr'>θυγατρί.</span> <span class='ocrx_word' id='word_1_386' title='bbox 1683 3939 1798 4013; x_wconf 76' lang='lat'><em>(122)</em></span> <span class='ocrx_word' id='word_1_387' title='bbox 1849 3937 2066 4006; x_wconf 85' lang='grc' dir='ltr'>Ἐπειδὴ</span> <span class='ocrx_word' id='word_1_388' title='bbox 2109 3936 2154 3993; x_wconf 81' lang='grc' dir='ltr'>δ’</span> <span class='ocrx_word' id='word_1_389' title='bbox 2182 3936 2286 3993; x_wconf 84' lang='grc' dir='ltr'>οὐδ’</span> 
     </span>
     <span class='ocr_line' id='line_1_46' title="bbox 738 4022 2283 4103; baseline -0.003 -20"><span class='ocrx_word' id='word_1_390' title='bbox 738 4026 808 4092; x_wconf 79' lang='grc' dir='ltr'>ὣς</span> <span class='ocrx_word' id='word_1_391' title='bbox 848 4025 970 4083; x_wconf 83' lang='grc' dir='ltr'>ἄνευ</span> <span class='ocrx_word' id='word_1_392' title='bbox 1001 4028 1190 4102; x_wconf 82' lang='grc' dir='ltr'>ἀγῶνος</span> <span class='ocrx_word' id='word_1_393' title='bbox 1223 4025 1359 4103; x_wconf 80' lang='grc' dir='ltr'>ἐώρα</span> <span class='ocrx_word' id='word_1_394' title='bbox 1388 4024 1607 4098; x_wconf 81' lang='grc' dir='ltr'>ἐσόμενα</span> <span class='ocrx_word' id='word_1_395' title='bbox 1636 4023 1701 4081; x_wconf 79' lang='grc' dir='ltr'>τὰ</span> <span class='ocrx_word' id='word_1_396' title='bbox 1727 4023 2047 4101; x_wconf 79' lang='grc' dir='ltr'>πράγματα,</span> <span class='ocrx_word' id='word_1_397' title='bbox 2075 4022 2190 4080; x_wconf 82' lang='grc' dir='ltr'>τότε</span> <span class='ocrx_word' id='word_1_398' title='bbox 2219 4023 2283 4093; x_wconf 78' lang='grc' dir='ltr'>δὴ</span> 
     </span>
     <span class='ocr_line' id='line_1_47' title="bbox 738 4108 2285 4191; baseline -0.003 -20"><span class='ocrx_word' id='word_1_399' title='bbox 738 4112 968 4191; x_wconf 86' lang='grc' dir='ltr'>προσιὼν</span> <span class='ocrx_word' id='word_1_400' title='bbox 1016 4112 1388 4191; x_wconf 85' lang='grc' dir='ltr'>Λυσίστρατον,</span> <span class='ocrx_word' id='word_1_401' title='bbox 1433 4109 1741 4186; x_wconf 76' lang='grc' dir='ltr'>Ἡγήμονα,</span> <span class='ocrx_word' id='word_1_402' title='bbox 1791 4108 2109 4187; x_wconf 83' lang='grc' dir='ltr'>Ἐπιχάρην,</span> <span class='ocrx_word' id='word_1_403' title='bbox 2155 4112 2285 4187; x_wconf 84' lang='grc' dir='ltr'>ὁρῶν</span> 
     </span>
     <span class='ocr_line' id='line_1_48' title="bbox 779 4195 2285 4275; baseline -0.004 -17"><span class='ocrx_word' id='word_1_404' title='bbox 779 4200 912 4266; x_wconf 84' lang='grc' dir='ltr'>ίλους</span> <span class='ocrx_word' id='word_1_405' title='bbox 939 4198 1087 4264; x_wconf 81' lang='grc' dir='ltr'>ὄντας</span> <span class='ocrx_word' id='word_1_406' title='bbox 1116 4197 1229 4273; x_wconf 77' lang='grc' dir='ltr'>ἐμοὶ</span> <span class='ocrx_word' id='word_1_407' title='bbox 1251 4197 1339 4254; x_wconf 74' lang='grc' dir='ltr'>καὶ</span> <span class='ocrx_word' id='word_1_408' title='bbox 1366 4195 1662 4273; x_wconf 84' lang='grc' dir='ltr'>χρωμένους</span> <span class='ocrx_word' id='word_1_409' title='bbox 1681 4240 1696 4267; x_wconf 91' lang='grc'>,</span> <span class='ocrx_word' id='word_1_410' title='bbox 1722 4196 1791 4260; x_wconf 87' lang='grc' dir='ltr'>εἷς</span> <span class='ocrx_word' id='word_1_411' title='bbox 1825 4201 1974 4253; x_wconf 90' lang='grc' dir='ltr'>τοῦτο</span> <span class='ocrx_word' id='word_1_412' title='bbox 2017 4195 2285 4275; x_wconf 83' lang='grc' dir='ltr'>βδελυρίας</span> 
     </span>
     <span class='ocr_line' id='line_1_49' title="bbox 774 4280 2286 4364; baseline -0.005 -18"><span class='ocrx_word' id='word_1_413' title='bbox 774 4290 862 4346; x_wconf 90' lang='grc' dir='ltr'>λθε</span> <span class='ocrx_word' id='word_1_414' title='bbox 890 4286 978 4344; x_wconf 84' lang='grc' dir='ltr'>καὶ</span> <span class='ocrx_word' id='word_1_415' title='bbox 1007 4283 1358 4364; x_wconf 85' lang='grc' dir='ltr'>παρανομίας,</span> <span class='ocrx_word' id='word_1_416' title='bbox 1399 4280 1524 4339; x_wconf 76' lang='grc' dir='ltr'>ὥστ’</span> <span class='ocrx_word' id='word_1_417' title='bbox 1555 4281 1698 4359; x_wconf 81' lang='grc' dir='ltr'>ἔλεγε</span> <span class='ocrx_word' id='word_1_418' title='bbox 1725 4280 1849 4360; x_wconf 80' lang='grc' dir='ltr'>πρὸς</span> <span class='ocrx_word' id='word_1_419' title='bbox 1877 4282 2085 4348; x_wconf 88' lang='grc' dir='ltr'>τούτους</span> <span class='ocrx_word' id='word_1_420' title='bbox 2123 4286 2192 4347; x_wconf 80' lang='grc' dir='ltr'>ὡς</span> <span class='ocrx_word' id='word_1_421' title='bbox 2241 4283 2286 4339; x_wconf 84' lang='grc' dir='ltr'>εἰ</span> 
     </span>
     <span class='ocr_line' id='line_1_50' title="bbox 738 4369 2285 4449; baseline -0.004 -18"><span class='ocrx_word' id='word_1_422' title='bbox 738 4373 814 4431; x_wconf 78' lang='grc' dir='ltr'>ἔτι</span> <span class='ocrx_word' id='word_1_423' title='bbox 836 4373 925 4432; x_wconf 77' lang='grc' dir='ltr'>καὶ</span> <span class='ocrx_word' id='word_1_424' title='bbox 952 4378 1040 4430; x_wconf 93' lang='grc' dir='ltr'>νῦν</span> <span class='ocrx_word' id='word_1_425' title='bbox 1072 4371 1350 4449; x_wconf 85' lang='grc' dir='ltr'>βουλοίμην</span> <span class='ocrx_word' id='word_1_426' title='bbox 1377 4371 1666 4440; x_wconf 73' lang='grc' dir='ltr'>ἀποστῆναι</span> <span class='ocrx_word' id='word_1_427' title='bbox 1692 4373 1783 4439; x_wconf 70' lang='grc' dir='ltr'>τῆς</span> <span class='ocrx_word' id='word_1_428' title='bbox 1811 4369 2097 4428; x_wconf 82' lang='grc' dir='ltr'>Ἐπιλύκου</span> <span class='ocrx_word' id='word_1_429' title='bbox 2127 4374 2285 4446; x_wconf 85' lang='grc' dir='ltr'>θυγα-</span> 
     </span>
    </p>
   </div>
   <div class='ocr_carea' id='block_1_14' title="bbox 662 4455 2338 4541">
    <p class='ocr_par' dir='ltr' id='par_1_14' title="bbox 662 4455 2338 4541">
     <span class='ocr_line' id='line_1_51' title="bbox 662 4455 2338 4541; baseline -0.004 -21"><span class='ocrx_word' id='word_1_430' title='bbox 662 4482 710 4521; x_wconf 76' lang='lat' dir='ltr'>ts</span> <span class='ocrx_word' id='word_1_431' title='bbox 739 4459 883 4541; x_wconf 83' lang='grc' dir='ltr'>τρός,</span> <span class='ocrx_word' id='word_1_432' title='bbox 918 4459 1118 4535; x_wconf 78' lang='grc' dir='ltr'>ἕτοιμος</span> <span class='ocrx_word' id='word_1_433' title='bbox 1146 4457 1225 4527; x_wconf 86' lang='grc' dir='ltr'>εἴη</span> <span class='ocrx_word' id='word_1_434' title='bbox 1254 4455 1553 4513; x_wconf 88' lang='grc' dir='ltr'>παύσασθαί</span> <span class='ocrx_word' id='word_1_435' title='bbox 1584 4478 1647 4531; x_wconf 88' lang='grc' dir='ltr'>με</span> <span class='ocrx_word' id='word_1_436' title='bbox 1690 4459 1864 4518; x_wconf 81' lang='grc' dir='ltr'>κακῶς</span> <span class='ocrx_word' id='word_1_437' title='bbox 1892 4458 2072 4527; x_wconf 84' lang='grc' dir='ltr'>ποιῶν,</span> <span class='ocrx_word' id='word_1_438' title='bbox 2115 4456 2288 4512; x_wconf 84' lang='grc' dir='ltr'>ἀπαλ-</span> <span class='ocrx_word' id='word_1_439' title='bbox 2335 4476 2338 4502; x_wconf 55' lang='lat' dir='ltr'>n</span> 
     </span>
    </p>
   </div>
   <div class='ocr_carea' id='block_1_15' title="bbox 664 4542 2290 5307">
    <p class='ocr_par' dir='ltr' id='par_1_15' title="bbox 664 4542 2290 5307">
     <span class='ocr_line' id='line_1_52' title="bbox 737 4542 2288 4623; baseline -0.006 -15"><span class='ocrx_word' id='word_1_440' title='bbox 737 4548 892 4615; x_wconf 82' lang='grc' dir='ltr'>λάξαι</span> <span class='ocrx_word' id='word_1_441' title='bbox 919 4548 973 4605; x_wconf 83' lang='grc' dir='ltr'>δὲ</span> <span class='ocrx_word' id='word_1_442' title='bbox 1011 4545 1293 4621; x_wconf 74' lang='grc' dir='ltr'>Κηφίσιον,</span> <span class='ocrx_word' id='word_1_443' title='bbox 1324 4542 1470 4612; x_wconf 87' lang='grc' dir='ltr'>δίκην</span> <span class='ocrx_word' id='word_1_444' title='bbox 1496 4544 1541 4599; x_wconf 87' lang='grc' dir='ltr'>δ’</span> <span class='ocrx_word' id='word_1_445' title='bbox 1566 4544 1617 4599; x_wconf 82' lang='grc' dir='ltr'>έν</span> <span class='ocrx_word' id='word_1_446' title='bbox 1654 4546 1758 4609; x_wconf 87' lang='grc' dir='ltr'>τοῖς</span> <span class='ocrx_word' id='word_1_447' title='bbox 1785 4543 1946 4623; x_wconf 69' lang='grc' dir='ltr'>φίλοις</span> <span class='ocrx_word' id='word_1_448' title='bbox 1986 4542 2161 4600; x_wconf 88' lang='grc' dir='ltr'>δοῦναί</span> <span class='ocrx_word' id='word_1_449' title='bbox 2198 4564 2288 4617; x_wconf 91' lang='grc' dir='ltr'>μοι</span> 
     </span>
     <span class='ocr_line' id='line_1_53' title="bbox 737 4621 2285 4710; baseline -0.005 -16"><span class='ocrx_word' id='word_1_450' title='bbox 737 4640 841 4694; x_wconf 79' lang='grc' dir='ltr'>τῶν</span> <span class='ocrx_word' id='word_1_451' title='bbox 863 4634 1248 4710; x_wconf 87' lang='grc' dir='ltr'>πεποιημένων.</span> <span class='ocrx_word' id='word_1_452' title='bbox 1334 4632 1452 4707; x_wconf 74' lang='lat'>(122)</span> <span class='ocrx_word' id='word_1_453' title='bbox 1496 4621 1658 4690; x_wconf 73' lang='grc' dir='ltr'>Εἶπον</span> <span class='ocrx_word' id='word_1_454' title='bbox 1688 4633 1827 4709; x_wconf 81' lang='grc' dir='ltr'>αὐτῷ</span> <span class='ocrx_word' id='word_1_455' title='bbox 1868 4629 1957 4687; x_wconf 77' lang='grc' dir='ltr'>καὶ</span> <span class='ocrx_word' id='word_1_456' title='bbox 1982 4631 2285 4708; x_wconf 83' lang='grc' dir='ltr'>κατηγορεῖν</span> 
     </span>
     <span class='ocr_line' id='line_1_54' title="bbox 739 4715 2290 4801; baseline -0.004 -22"><span class='ocrx_word' id='word_1_457' title='bbox 739 4722 829 4779; x_wconf 65' lang='grc' dir='ltr'>καὶ</span> <span class='ocrx_word' id='word_1_458' title='bbox 868 4720 1281 4801; x_wconf 81' lang='grc' dir='ltr'>παρασκευάζειν</span> <span class='ocrx_word' id='word_1_459' title='bbox 1325 4718 1539 4784; x_wconf 81' lang='grc' dir='ltr'>ἄλλους·</span> <span class='ocrx_word' id='word_1_460' title='bbox 1572 4720 1616 4775; x_wconf 86' lang='grc' dir='ltr'>εἷ</span> <span class='ocrx_word' id='word_1_461' title='bbox 1653 4718 1696 4775; x_wconf 82' lang='grc' dir='ltr'>δ’</span> <span class='ocrx_word' id='word_1_462' title='bbox 1725 4718 1826 4794; x_wconf 80' lang='grc' dir='ltr'>ἐγὼ</span> <span class='ocrx_word' id='word_1_463' title='bbox 1864 4717 2016 4774; x_wconf 82' lang='grc' dir='ltr'>αὐτὸν</span> <span class='ocrx_word' id='word_1_464' title='bbox 2060 4715 2290 4795; x_wconf 70' lang='grc' dir='ltr'>ἀποφεύ-</span> 
     </span>
     <span class='ocr_line' id='line_1_55' title="bbox 741 4802 2287 4885; baseline -0.004 -20"><span class='ocrx_word' id='word_1_465' title='bbox 741 4808 893 4885; x_wconf 77' lang='grc' dir='ltr'>ξομαι</span> <span class='ocrx_word' id='word_1_466' title='bbox 927 4809 1017 4867; x_wconf 81' lang='grc' dir='ltr'>καὶ</span> <span class='ocrx_word' id='word_1_467' title='bbox 1065 4806 1352 4884; x_wconf 83' lang='grc' dir='ltr'>γνώσονται</span> <span class='ocrx_word' id='word_1_468' title='bbox 1382 4805 1637 4876; x_wconf 85' lang='grc' dir='ltr'>Ἀθηναῖοι</span> <span class='ocrx_word' id='word_1_469' title='bbox 1677 4802 1797 4882; x_wconf 80' lang='grc' dir='ltr'>περὶ</span> <span class='ocrx_word' id='word_1_470' title='bbox 1836 4806 1961 4879; x_wconf 80' lang='grc' dir='ltr'>ἐμοῦ</span> <span class='ocrx_word' id='word_1_471' title='bbox 1989 4804 2053 4860; x_wconf 83' lang='grc' dir='ltr'>τὰ</span> <span class='ocrx_word' id='word_1_472' title='bbox 2084 4803 2287 4874; x_wconf 89' lang='grc' dir='ltr'>δίκαια,</span> 
     </span>
     <span class='ocr_line' id='line_1_56' title="bbox 742 4890 2290 4973; baseline -0.003 -22"><span class='ocrx_word' id='word_1_473' title='bbox 742 4893 845 4969; x_wconf 72' lang='grc' dir='ltr'>ἐγὼ</span> <span class='ocrx_word' id='word_1_474' title='bbox 871 4896 1024 4952; x_wconf 80' lang='grc' dir='ltr'>αὐτὸν</span> <span class='ocrx_word' id='word_1_475' title='bbox 1052 4894 1227 4969; x_wconf 80' lang='grc' dir='ltr'>οἴομαι</span> <span class='ocrx_word' id='word_1_476' title='bbox 1255 4891 1373 4973; x_wconf 72' lang='grc' dir='ltr'>περὶ</span> <span class='ocrx_word' id='word_1_477' title='bbox 1404 4896 1493 4949; x_wconf 90' lang='grc' dir='ltr'>τοῦ</span> <span class='ocrx_word' id='word_1_478' title='bbox 1521 4890 1761 4967; x_wconf 84' lang='grc' dir='ltr'>σώματος</span> <span class='ocrx_word' id='word_1_479' title='bbox 1782 4896 1873 4948; x_wconf 86' lang='grc' dir='ltr'>τοῦ</span> <span class='ocrx_word' id='word_1_480' title='bbox 1907 4892 2089 4949; x_wconf 80' lang='grc' dir='ltr'>ἑαυτοῦ</span> <span class='ocrx_word' id='word_1_481' title='bbox 2118 4892 2171 4947; x_wconf 82' lang='grc' dir='ltr'>έν</span> <span class='ocrx_word' id='word_1_482' title='bbox 2215 4894 2290 4968; x_wconf 82' lang='grc' dir='ltr'>τῷ</span> 
     </span>
     <span class='ocr_line' id='line_1_57' title="bbox 745 4975 2288 5059; baseline -0.003 -21"><span class='ocrx_word' id='word_1_483' title='bbox 745 4980 891 5059; x_wconf 86' lang='grc' dir='ltr'>μέρει</span> <span class='ocrx_word' id='word_1_484' title='bbox 940 4982 1298 5040; x_wconf 86' lang='grc' dir='ltr'>κινδυνεύσειν.</span> <span class='ocrx_word' id='word_1_485' title='bbox 1381 4977 1546 5058; x_wconf 76' lang='grc' dir='ltr'>Ἄπερ</span> <span class='ocrx_word' id='word_1_486' title='bbox 1586 4977 1742 5035; x_wconf 80' lang='grc' dir='ltr'>αὐτὸν</span> <span class='ocrx_word' id='word_1_487' title='bbox 1781 4979 1840 5036; x_wconf 83' lang='grc' dir='ltr'>οὗ</span> <span class='ocrx_word' id='word_1_488' title='bbox 1882 4975 2163 5055; x_wconf 82' lang='grc' dir='ltr'>ψεύσομαι,</span> <span class='ocrx_word' id='word_1_489' title='bbox 2200 4976 2288 5034; x_wconf 73' lang='grc' dir='ltr'>ἐὰν</span> 
     </span>
     <span class='ocr_line' id='line_1_58' title="bbox 744 5058 2286 5146; baseline -0.003 -22"><span class='ocrx_word' id='word_1_490' title='bbox 744 5070 883 5141; x_wconf 75' lang='grc' dir='ltr'>ὑμῖν,</span> <span class='ocrx_word' id='word_1_491' title='bbox 908 5058 953 5124; x_wconf 74' lang='grc' dir='ltr'><em>ὦ</em></span> <span class='ocrx_word' id='word_1_492' title='bbox 982 5067 1177 5146; x_wconf 79' lang='grc' dir='ltr'>ἄνδρες,</span> <span class='ocrx_word' id='word_1_493' title='bbox 1209 5069 1355 5145; x_wconf 78' lang='grc' dir='ltr'>δοκῇ.</span> <span class='ocrx_word' id='word_1_494' title='bbox 1439 5064 1537 5132; x_wconf 80' lang='grc' dir='ltr'>Ὧς</span> <span class='ocrx_word' id='word_1_495' title='bbox 1565 5066 1609 5122; x_wconf 84' lang='grc' dir='ltr'>δ’</span> <span class='ocrx_word' id='word_1_496' title='bbox 1641 5065 1810 5135; x_wconf 78' lang='grc' dir='ltr'>ἀληθῆ</span> <span class='ocrx_word' id='word_1_497' title='bbox 1833 5062 2000 5141; x_wconf 83' lang='grc' dir='ltr'>λέγω,</span> <span class='ocrx_word' id='word_1_498' title='bbox 2019 5064 2169 5121; x_wconf 84' lang='grc' dir='ltr'>κάλει</span> <span class='ocrx_word' id='word_1_499' title='bbox 2196 5085 2286 5139; x_wconf 91' lang='grc' dir='ltr'>μοι</span> 
     </span>
     <span class='ocr_line' id='line_1_59' title="bbox 664 5151 1163 5233; baseline -0.004 -22"><span class='ocrx_word' id='word_1_500' title='bbox 664 5173 719 5211; x_wconf 78' lang='grc' dir='ltr'>αο</span> <span class='ocrx_word' id='word_1_501' title='bbox 744 5151 859 5219; x_wconf 77' lang='grc' dir='ltr'>τοὺς</span> <span class='ocrx_word' id='word_1_502' title='bbox 882 5154 1163 5233; x_wconf 89' lang='grc' dir='ltr'>μάρτυρας.</span> 
     </span>
     <span class='ocr_line' id='line_1_60' title="bbox 1342 5256 1681 5307; baseline -0.003 0"><span class='ocrx_word' id='word_1_503' title='bbox 1342 5256 1681 5307; x_wconf 81' lang='grc' dir='ltr'>ΜΛΡΤΥΡΕΣ.</span> 
     </span>
    </p>
   </div>
   <div class='ocr_carea' id='block_1_16' title="bbox 825 5336 2332 5428">
    <p class='ocr_par' dir='ltr' id='par_1_16' title="bbox 825 5336 2332 5428">
     <span class='ocr_line' id='line_1_61' title="bbox 825 5336 2332 5428; baseline -0.004 -20"><span class='ocrx_word' id='word_1_504' title='bbox 825 5370 921 5410; x_wconf 75' lang='grc'><strong>124.</strong></span> <span class='ocrx_word' id='word_1_505' title='bbox 965 5348 1121 5408; x_wconf 72' lang='grc' dir='ltr'>Ἀλλὰ</span> <span class='ocrx_word' id='word_1_506' title='bbox 1167 5347 1267 5428; x_wconf 74' lang='grc' dir='ltr'>γὰρ</span> <span class='ocrx_word' id='word_1_507' title='bbox 1310 5348 1396 5407; x_wconf 81' lang='grc' dir='ltr'>τὸν</span> <span class='ocrx_word' id='word_1_508' title='bbox 1441 5349 1548 5408; x_wconf 78' lang='grc' dir='ltr'>υἱὸν</span> <span class='ocrx_word' id='word_1_509' title='bbox 1595 5351 1752 5408; x_wconf 79' lang='grc' dir='ltr'>αὐτοῦ</span> <span class='ocrx_word' id='word_1_510' title='bbox 1794 5352 1995 5419; x_wconf 88' lang='grc' dir='ltr'>τοῦτον,</span> <span class='ocrx_word' id='word_1_511' title='bbox 2026 5336 2070 5428; x_wconf 77' lang='grc' dir='ltr'>ᾧ</span> <span class='ocrx_word' id='word_1_512' title='bbox 2106 5348 2289 5424; x_wconf 83' lang='grc' dir='ltr'>λαχεῖν</span> <span class='ocrx_word' id='word_1_513' title='bbox 2329 5394 2332 5402; x_wconf 17' lang='grc' dir='ltr'>,Α</span> 
     </span>
    </p>
   </div>
   <div class='ocr_carea' id='block_1_17' title="bbox 745 5434 2291 5518">
    <p class='ocr_par' dir='ltr' id='par_1_17' title="bbox 745 5434 2291 5518">
     <span class='ocr_line' id='line_1_62' title="bbox 745 5434 2291 5518; baseline -0.005 -22"><span class='ocrx_word' id='word_1_514' title='bbox 745 5436 932 5510; x_wconf 75' lang='grc' dir='ltr'>ἠξίωσε</span> <span class='ocrx_word' id='word_1_515' title='bbox 952 5441 1044 5507; x_wconf 79' lang='grc' dir='ltr'>τῆς</span> <span class='ocrx_word' id='word_1_516' title='bbox 1065 5435 1350 5499; x_wconf 88' lang='grc' dir='ltr'>Ἐπιλύκου</span> <span class='ocrx_word' id='word_1_517' title='bbox 1367 5435 1634 5518; x_wconf 87' lang='grc' dir='ltr'>θυγατρός,</span> <span class='ocrx_word' id='word_1_518' title='bbox 1656 5435 1916 5516; x_wconf 85' lang='grc' dir='ltr'>σκέψασθε</span> <span class='ocrx_word' id='word_1_519' title='bbox 1940 5439 2048 5502; x_wconf 82' lang='grc' dir='ltr'>πῶς</span> <span class='ocrx_word' id='word_1_520' title='bbox 2063 5434 2291 5512; x_wconf 86' lang='grc' dir='ltr'>γέγονεν,</span> 
     </span>
    </p>
   </div>
   <div class='ocr_carea' id='block_1_18' title="bbox 2330 2741 2852 2803">
    <p class='ocr_par' dir='ltr' id='par_1_18' title="bbox 2330 2741 2852 2803">
     <span class='ocr_line' id='line_1_63' title="bbox 2330 2741 2852 2803; baseline -0.006 -10"><span class='ocrx_word' id='word_1_521' title='bbox 2330 2759 2332 2794; x_wconf 88' lang='grc'>;</span> <span class='ocrx_word' id='word_1_522' title='bbox 2388 2742 2526 2791; x_wconf 90' lang='lat' dir='ltr'>nobis</span> <span class='ocrx_word' id='word_1_523' title='bbox 2572 2741 2852 2803; x_wconf 85' lang='lat' dir='ltr'>adjudicari.</span> 
     </span>
    </p>
   </div>
   <div class='ocr_carea' id='block_1_19' title="bbox 942 3494 2328 3573">
    <p class='ocr_par' dir='ltr' id='par_1_19' title="bbox 942 3494 2328 3573">
     <span class='ocr_line' id='line_1_64' title="bbox 942 3494 2328 3573; baseline 0.001 -18"><span class='ocrx_word' id='word_1_524' title='bbox 942 3497 1074 3563; x_wconf 82' lang='grc' dir='ltr'>Ταῖς</span> <span class='ocrx_word' id='word_1_525' title='bbox 1102 3496 1146 3553; x_wconf 85' lang='grc' dir='ltr'>δ’</span> <span class='ocrx_word' id='word_1_526' title='bbox 1176 3495 1381 3570; x_wconf 83' lang='grc' dir='ltr'>εἰκάσι,</span> <span class='ocrx_word' id='word_1_527' title='bbox 1422 3494 1720 3573; x_wconf 87' lang='grc' dir='ltr'>μυστηρίοις</span> <span class='ocrx_word' id='word_1_528' title='bbox 1757 3496 1976 3567; x_wconf 87' lang='grc' dir='ltr'>τούτοις,</span> <span class='ocrx_word' id='word_1_529' title='bbox 2018 3497 2133 3564; x_wconf 79' lang='grc' dir='ltr'>δοὺς</span> <span class='ocrx_word' id='word_1_530' title='bbox 2177 3501 2289 3568; x_wconf 86' lang='grc' dir='ltr'>Κη·</span> <span class='ocrx_word' id='word_1_531' title='bbox 2325 3506 2328 3517; x_wconf 67' lang='grc'>“</span> 
     </span>
    </p>
   </div>
   <div class='ocr_carea' id='block_1_20' title="bbox 2325 4038 2345 5492">
    <p class='ocr_par' dir='ltr' id='par_1_20' title="bbox 2325 4038 2345 5492">
     <span class='ocr_line' id='line_1_65' title="bbox 2325 4038 2345 5492; baseline 0 0"><span class='ocrx_word' id='word_1_532' title='bbox 2325 4038 2345 5492; x_wconf 95' lang='lat' dir='ltr'> </span> 
     </span>
    </p>
   </div>
   <div class='ocr_carea' id='block_1_21' title="bbox 2379 1266 3936 1342">
    <p class='ocr_par' dir='ltr' id='par_1_21' title="bbox 2379 1266 3936 1342">
     <span class='ocr_line' id='line_1_66' title="bbox 2379 1266 3936 1342; baseline 0.007 -25"><span class='ocrx_word' id='word_1_533' title='bbox 2379 1267 2538 1317; x_wconf 80' lang='lat' dir='ltr'>Sicilia</span> <span class='ocrx_word' id='word_1_534' title='bbox 2566 1266 2798 1329; x_wconf 82' lang='lat' dir='ltr'>decessit,</span> <span class='ocrx_word' id='word_1_535' title='bbox 2826 1272 2963 1319; x_wconf 90' lang='lat' dir='ltr'>nulla</span> <span class='ocrx_word' id='word_1_536' title='bbox 2990 1271 3155 1320; x_wconf 90' lang='lat' dir='ltr'>relicta</span> <span class='ocrx_word' id='word_1_537' title='bbox 3181 1273 3314 1333; x_wconf 89' lang='lat' dir='ltr'>prole</span> <span class='ocrx_word' id='word_1_538' title='bbox 3354 1274 3570 1324; x_wconf 82' lang='lat' dir='ltr'>mascula</span> <span class='ocrx_word' id='word_1_539' title='bbox 3606 1295 3619 1325; x_wconf 73' lang='grc' dir='ltr'>ε</span> <span class='ocrx_word' id='word_1_540' title='bbox 3655 1275 3767 1325; x_wconf 64' lang='lat' dir='ltr'>duic</span> <span class='ocrx_word' id='word_1_541' title='bbox 3802 1278 3936 1342; x_wconf 73' lang='lat' dir='ltr'>miae,</span> 
     </span>
    </p>
   </div>
   <div class='ocr_carea' id='block_1_22' title="bbox 2378 1352 4039 1423">
    <p class='ocr_par' dir='ltr' id='par_1_22' title="bbox 2378 1352 4039 1423">
     <span class='ocr_line' id='line_1_67' title="bbox 2378 1352 4039 1423; baseline 0.008 -25"><span class='ocrx_word' id='word_1_542' title='bbox 2378 1364 2499 1413; x_wconf 87' lang='lat' dir='ltr'>quas</span> <span class='ocrx_word' id='word_1_543' title='bbox 2537 1352 2664 1401; x_wconf 84' lang='lat' dir='ltr'>solas</span> <span class='ocrx_word' id='word_1_544' title='bbox 2702 1352 2988 1415; x_wconf 81' lang='lat' dir='ltr'>reliquerat,</span> <span class='ocrx_word' id='word_1_545' title='bbox 3025 1368 3087 1402; x_wconf 83' lang='lat' dir='ltr'>ex</span> <span class='ocrx_word' id='word_1_546' title='bbox 3120 1354 3230 1415; x_wconf 74' lang='lat' dir='ltr'>iure</span> <span class='ocrx_word' id='word_1_547' title='bbox 3265 1357 3692 1416; x_wconf 71' lang='lat' dir='ltr'>consanguinitatis</span> <span class='ocrx_word' id='word_1_548' title='bbox 3730 1361 3938 1423; x_wconf 78' lang='lat' dir='ltr'>mihique</span> <span class='ocrx_word' id='word_1_549' title='bbox 4032 1361 4039 1368; x_wconf 89' lang='lat'>&#39;</span> 
     </span>
    </p>
   </div>
   <div class='ocr_carea' id='block_1_23' title="bbox 2379 1434 3935 1822">
    <p class='ocr_par' dir='ltr' id='par_1_23' title="bbox 2379 1434 3935 1822">
     <span class='ocr_line' id='line_1_68' title="bbox 2381 1434 3934 1503; baseline 0.008 -23"><span class='ocrx_word' id='word_1_550' title='bbox 2381 1434 2528 1494; x_wconf 87' lang='lat' dir='ltr'>atque</span> <span class='ocrx_word' id='word_1_551' title='bbox 2556 1435 2733 1495; x_wconf 84' lang='lat' dir='ltr'>Leagro</span> <span class='ocrx_word' id='word_1_552' title='bbox 2751 1434 3008 1496; x_wconf 82' lang='lat' dir='ltr'>cedebant,</span> <span class='ocrx_word' id='word_1_553' title='bbox 3030 1438 3087 1484; x_wconf 91' lang='lat' dir='ltr'>ut</span> <span class='ocrx_word' id='word_1_554' title='bbox 3111 1449 3191 1485; x_wconf 86' lang='lat' dir='ltr'>eas</span> <span class='ocrx_word' id='word_1_555' title='bbox 3209 1435 3407 1486; x_wconf 90' lang='lat' dir='ltr'>domum</span> <span class='ocrx_word' id='word_1_556' title='bbox 3432 1437 3743 1491; x_wconf 76' lang='lat' dir='ltr'>duceremus.</span> <span class='ocrx_word' id='word_1_557' title='bbox 3810 1443 3934 1503; x_wconf 81' lang='lat'>(118)</span> 
     </span>
     <span class='ocr_line' id='line_1_69' title="bbox 2381 1515 3933 1582; baseline 0.007 -20"><span class='ocrx_word' id='word_1_558' title='bbox 2381 1517 2474 1563; x_wconf 64' lang='lat' dir='ltr'>lies</span> <span class='ocrx_word' id='word_1_559' title='bbox 2496 1515 2675 1577; x_wconf 79' lang='lat' dir='ltr'>Epilyci</span> <span class='ocrx_word' id='word_1_560' title='bbox 2713 1515 2958 1565; x_wconf 82' lang='lat' dir='ltr'>familiaris</span> <span class='ocrx_word' id='word_1_561' title='bbox 2990 1518 3116 1566; x_wconf 88' lang='lat' dir='ltr'>male</span> <span class='ocrx_word' id='word_1_562' title='bbox 3145 1519 3350 1568; x_wconf 85' lang='lat' dir='ltr'>habebat</span> <span class='ocrx_word' id='word_1_563' title='bbox 3372 1539 3384 1568; x_wconf 70' lang='grc' dir='ltr'>ι</span> <span class='ocrx_word' id='word_1_564' title='bbox 3410 1523 3629 1582; x_wconf 87' lang='lat' dir='ltr'>apertam</span> <span class='ocrx_word' id='word_1_565' title='bbox 3658 1523 3791 1572; x_wconf 88' lang='lat' dir='ltr'>enim</span> <span class='ocrx_word' id='word_1_566' title='bbox 3821 1524 3933 1574; x_wconf 84' lang='lat' dir='ltr'>sub-</span> 
     </span>
     <span class='ocr_line' id='line_1_70' title="bbox 2381 1594 3935 1667; baseline 0.007 -26"><span class='ocrx_word' id='word_1_567' title='bbox 2381 1594 2606 1643; x_wconf 75' lang='lat' dir='ltr'>stantiam</span> <span class='ocrx_word' id='word_1_568' title='bbox 2641 1609 2701 1645; x_wconf 91' lang='lat' dir='ltr'>ne</span> <span class='ocrx_word' id='word_1_569' title='bbox 2725 1595 2931 1645; x_wconf 89' lang='lat' dir='ltr'>duorum</span> <span class='ocrx_word' id='word_1_570' title='bbox 2966 1598 3159 1659; x_wconf 88' lang='lat' dir='ltr'>quidem</span> <span class='ocrx_word' id='word_1_571' title='bbox 3190 1600 3481 1650; x_wconf 69' lang='lat' dir='ltr'>talentorum</span> <span class='ocrx_word' id='word_1_572' title='bbox 3512 1601 3798 1664; x_wconf 84' lang='lat' dir='ltr'>reliquerat,</span> <span class='ocrx_word' id='word_1_573' title='bbox 3833 1604 3935 1667; x_wconf 76' lang='lat' dir='ltr'>plus</span> 
     </span>
     <span class='ocr_line' id='line_1_71' title="bbox 2380 1677 3934 1739; baseline 0.008 -16"><span class='ocrx_word' id='word_1_574' title='bbox 2380 1678 2542 1724; x_wconf 89' lang='lat' dir='ltr'>autem</span> <span class='ocrx_word' id='word_1_575' title='bbox 2569 1689 2718 1738; x_wconf 87' lang='lat' dir='ltr'>quam</span> <span class='ocrx_word' id='word_1_576' title='bbox 2744 1677 2960 1739; x_wconf 87' lang='lat' dir='ltr'>quinque</span> <span class='ocrx_word' id='word_1_577' title='bbox 2983 1679 3164 1728; x_wconf 83' lang='lat' dir='ltr'>talenta</span> <span class='ocrx_word' id='word_1_578' title='bbox 3184 1679 3404 1729; x_wconf 85' lang='lat' dir='ltr'>debebat.</span> <span class='ocrx_word' id='word_1_579' title='bbox 3434 1680 3763 1732; x_wconf 76' lang='lat' dir='ltr'>Nihilominus</span> <span class='ocrx_word' id='word_1_580' title='bbox 3780 1686 3934 1735; x_wconf 76' lang='lat' dir='ltr'>lamen</span> 
     </span>
     <span class='ocr_line' id='line_1_72' title="bbox 2379 1760 3935 1822; baseline 0.007 -17"><span class='ocrx_word' id='word_1_581' title='bbox 2379 1769 2465 1818; x_wconf 81' lang='lat' dir='ltr'>ego</span> <span class='ocrx_word' id='word_1_582' title='bbox 2492 1760 2726 1819; x_wconf 80' lang='lat' dir='ltr'>Leagrum</span> <span class='ocrx_word' id='word_1_583' title='bbox 2752 1772 2907 1821; x_wconf 92' lang='lat' dir='ltr'>quum</span> <span class='ocrx_word' id='word_1_584' title='bbox 2926 1760 2987 1809; x_wconf 88' lang='lat' dir='ltr'>ad</span> <span class='ocrx_word' id='word_1_585' title='bbox 3000 1773 3078 1809; x_wconf 90' lang='lat' dir='ltr'>me</span> <span class='ocrx_word' id='word_1_586' title='bbox 3099 1760 3442 1810; x_wconf 67' lang='lat' dir='ltr'>arcessivissem</span> <span class='ocrx_word' id='word_1_587' title='bbox 3461 1798 3476 1822; x_wconf 94' lang='lat'>,</span> <span class='ocrx_word' id='word_1_588' title='bbox 3502 1775 3669 1812; x_wconf 83' lang='lat' dir='ltr'>coram</span> <span class='ocrx_word' id='word_1_589' title='bbox 3689 1764 3856 1815; x_wconf 79' lang='lat' dir='ltr'>amicis</span> <span class='ocrx_word' id='word_1_590' title='bbox 3874 1766 3935 1815; x_wconf 75' lang='lat' dir='ltr'>ita</span> 
     </span>
    </p>
   </div>
   <div class='ocr_carea' id='block_1_24' title="bbox 2331 1839 3932 1909">
    <p class='ocr_par' dir='ltr' id='par_1_24' title="bbox 2331 1839 3932 1909">
     <span class='ocr_line' id='line_1_73' title="bbox 2331 1839 3932 1909; baseline 0.004 -21"><span class='ocrx_word' id='word_1_591' title='bbox 2331 1904 2332 1909; x_wconf 9' lang='grc' dir='ltr'><strong>Ἰ</strong></span> <span class='ocrx_word' id='word_1_592' title='bbox 2379 1851 2492 1888; x_wconf 89' lang='lat' dir='ltr'>cum</span> <span class='ocrx_word' id='word_1_593' title='bbox 2519 1852 2577 1887; x_wconf 93' lang='lat' dir='ltr'>eo</span> <span class='ocrx_word' id='word_1_594' title='bbox 2608 1839 2682 1901; x_wconf 83' lang='lat' dir='ltr'>egi</span> <span class='ocrx_word' id='word_1_595' title='bbox 2722 1852 2734 1882; x_wconf 71' lang='grc' dir='ltr'><em>τ</em></span> <span class='ocrx_word' id='word_1_596' title='bbox 2766 1842 3027 1889; x_wconf 83' lang='lat' dir='ltr'>Bonorum</span> <span class='ocrx_word' id='word_1_597' title='bbox 3054 1845 3131 1891; x_wconf 90' lang='lat' dir='ltr'>est</span> <span class='ocrx_word' id='word_1_598' title='bbox 3156 1841 3411 1903; x_wconf 88' lang='lat' dir='ltr'>(inquam)</span> <span class='ocrx_word' id='word_1_599' title='bbox 3437 1845 3707 1906; x_wconf 83' lang='lat' dir='ltr'>virorum,</span> <span class='ocrx_word' id='word_1_600' title='bbox 3736 1848 3793 1894; x_wconf 80' lang='lat' dir='ltr'>in</span> <span class='ocrx_word' id='word_1_601' title='bbox 3811 1846 3932 1907; x_wconf 73' lang='lat' dir='ltr'>ejus·</span> 
     </span>
    </p>
   </div>
   <div class='ocr_carea' id='block_1_25' title="bbox 2378 1918 3935 2154">
    <p class='ocr_par' dir='ltr' id='par_1_25' title="bbox 2378 1918 3935 2154">
     <span class='ocr_line' id='line_1_74' title="bbox 2378 1918 3935 1990; baseline 0.008 -23"><span class='ocrx_word' id='word_1_602' title='bbox 2378 1918 2515 1968; x_wconf 81' lang='lat' dir='ltr'>modi</span> <span class='ocrx_word' id='word_1_603' title='bbox 2537 1920 2843 1981; x_wconf 80' lang='lat' dir='ltr'>temporibus</span> <span class='ocrx_word' id='word_1_604' title='bbox 2861 1924 3105 1972; x_wconf 88' lang='lat' dir='ltr'>testatum</span> <span class='ocrx_word' id='word_1_605' title='bbox 3113 1922 3310 1983; x_wconf 80' lang='lat' dir='ltr'>facere,</span> <span class='ocrx_word' id='word_1_606' title='bbox 3331 1938 3577 1987; x_wconf 86' lang='lat' dir='ltr'>quoenam</span> <span class='ocrx_word' id='word_1_607' title='bbox 3601 1932 3935 1990; x_wconf 71' lang='lat' dir='ltr'>coquatorum</span> 
     </span>
     <span class='ocr_line' id='line_1_75' title="bbox 2379 2001 3934 2073; baseline 0.008 -23"><span class='ocrx_word' id='word_1_608' title='bbox 2379 2001 2552 2066; x_wconf 80' lang='lat' dir='ltr'>officia</span> <span class='ocrx_word' id='word_1_609' title='bbox 2576 2006 2699 2053; x_wconf 77' lang='lat' dir='ltr'>sint.</span> <span class='ocrx_word' id='word_1_610' title='bbox 2765 2005 2807 2065; x_wconf 82' lang='lat' dir='ltr'>(t</span> <span class='ocrx_word' id='word_1_611' title='bbox 2824 2006 2897 2068; x_wconf 87' lang='grc'>19)</span> <span class='ocrx_word' id='word_1_612' title='bbox 2921 2005 3147 2056; x_wconf 79' lang='lat' dir='ltr'>Proinde</span> <span class='ocrx_word' id='word_1_613' title='bbox 3168 2020 3257 2056; x_wconf 92' lang='lat' dir='ltr'>nos</span> <span class='ocrx_word' id='word_1_614' title='bbox 3277 2007 3416 2057; x_wconf 78' lang='lat' dir='ltr'>decet</span> <span class='ocrx_word' id='word_1_615' title='bbox 3439 2009 3647 2072; x_wconf 74' lang='lat' dir='ltr'>Epilyct</span> <span class='ocrx_word' id='word_1_616' title='bbox 3664 2011 3823 2073; x_wconf 74' lang='lat' dir='ltr'>filias</span> <span class='ocrx_word' id='word_1_617' title='bbox 3840 2026 3934 2062; x_wconf 78' lang='lat' dir='ltr'>non</span> 
     </span>
     <span class='ocr_line' id='line_1_76' title="bbox 2379 2086 3934 2154; baseline 0.006 -22"><span class='ocrx_word' id='word_1_618' title='bbox 2379 2088 2711 2146; x_wconf 87' lang='lat' dir='ltr'>contemnere,</span> <span class='ocrx_word' id='word_1_619' title='bbox 2732 2099 2895 2150; x_wconf 77' lang='lat' dir='ltr'>neque</span> <span class='ocrx_word' id='word_1_620' title='bbox 2909 2086 3221 2137; x_wconf 82' lang='lat' dir='ltr'>conditiones</span> <span class='ocrx_word' id='word_1_621' title='bbox 3238 2088 3485 2138; x_wconf 78' lang='lat' dir='ltr'>lautiores</span> <span class='ocrx_word' id='word_1_622' title='bbox 3502 2092 3631 2152; x_wconf 74' lang='lat' dir='ltr'>ipsis</span> <span class='ocrx_word' id='word_1_623' title='bbox 3649 2092 3934 2154; x_wconf 82' lang='lat' dir='ltr'>proeserre:</span> 
     </span>
    </p>
   </div>
   <div class='ocr_carea' id='block_1_26' title="bbox 2379 2332 3935 2399">
    <p class='ocr_par' dir='ltr' id='par_1_26' title="bbox 2379 2332 3935 2399">
     <span class='ocr_line' id='line_1_77' title="bbox 2379 2332 3935 2399; baseline 0.005 -21"><span class='ocrx_word' id='word_1_624' title='bbox 2379 2333 2768 2382; x_wconf 73' lang='lat' dir='ltr'>matrimonium</span> <span class='ocrx_word' id='word_1_625' title='bbox 2786 2332 3117 2382; x_wconf 76' lang='lat' dir='ltr'>ambiremus.</span> <span class='ocrx_word' id='word_1_626' title='bbox 3144 2336 3270 2383; x_wconf 86' lang='lat' dir='ltr'>Tum</span> <span class='ocrx_word' id='word_1_627' title='bbox 3283 2337 3453 2382; x_wconf 81' lang='lat' dir='ltr'>tamen</span> <span class='ocrx_word' id='word_1_628' title='bbox 3469 2336 3675 2399; x_wconf 75' lang='lat' dir='ltr'>Epilyci</span> <span class='ocrx_word' id='word_1_629' title='bbox 3691 2337 3774 2385; x_wconf 79' lang='lat' dir='ltr'>vel</span> <span class='ocrx_word' id='word_1_630' title='bbox 3787 2350 3935 2399; x_wconf 68' lang='lat' dir='ltr'>opum</span> 
     </span>
    </p>
   </div>
   <div class='ocr_carea' id='block_1_27' title="bbox 2329 2414 3936 2480">
    <p class='ocr_par' dir='ltr' id='par_1_27' title="bbox 2329 2414 3936 2480">
     <span class='ocr_line' id='line_1_78' title="bbox 2329 2414 3936 2480; baseline 0.006 -20"><span class='ocrx_word' id='word_1_631' title='bbox 2329 2416 2332 2425; x_wconf 54' lang='lat'>&#39;¹</span> <span class='ocrx_word' id='word_1_632' title='bbox 2379 2416 2550 2473; x_wconf 74' lang='lat' dir='ltr'>qratia</span> <span class='ocrx_word' id='word_1_633' title='bbox 2558 2414 2748 2474; x_wconf 80' lang='lat' dir='ltr'>secisse</span> <span class='ocrx_word' id='word_1_634' title='bbox 2766 2415 2877 2465; x_wconf 80' lang='lat' dir='ltr'>boec</span> <span class='ocrx_word' id='word_1_635' title='bbox 2892 2419 2988 2465; x_wconf 77' lang='lat' dir='ltr'>visi</span> <span class='ocrx_word' id='word_1_636' title='bbox 3004 2427 3241 2475; x_wconf 84' lang='lat' dir='ltr'>essemus,</span> <span class='ocrx_word' id='word_1_637' title='bbox 3253 2428 3390 2465; x_wconf 87' lang='lat' dir='ltr'>nunc</span> <span class='ocrx_word' id='word_1_638' title='bbox 3405 2414 3540 2464; x_wconf 76' lang='lat' dir='ltr'>idem</span> <span class='ocrx_word' id='word_1_639' title='bbox 3553 2420 3771 2480; x_wconf 85' lang='lat' dir='ltr'>propter</span> <span class='ocrx_word' id='word_1_640' title='bbox 3780 2422 3936 2469; x_wconf 78' lang='lat' dir='ltr'>animi</span> 
     </span>
    </p>
   </div>
   <div class='ocr_carea' id='block_1_28' title="bbox 2374 2496 3939 3965">
    <p class='ocr_par' dir='ltr' id='par_1_28' title="bbox 2374 2496 3939 3965">
     <span class='ocr_line' id='line_1_79' title="bbox 2378 2496 3938 2562; baseline 0.003 -17"><span class='ocrx_word' id='word_1_641' title='bbox 2378 2499 2624 2546; x_wconf 81' lang='lat' dir='ltr'>virtutem</span> <span class='ocrx_word' id='word_1_642' title='bbox 2637 2499 2870 2545; x_wconf 82' lang='lat' dir='ltr'>nostram</span> <span class='ocrx_word' id='word_1_643' title='bbox 2869 2496 3148 2558; x_wconf 76' lang='lat' dir='ltr'>faciemus.</span> <span class='ocrx_word' id='word_1_644' title='bbox 3170 2499 3241 2546; x_wconf 73' lang='lat' dir='ltr'>Tu</span> <span class='ocrx_word' id='word_1_645' title='bbox 3254 2499 3416 2557; x_wconf 74' lang='lat' dir='ltr'>iyitur</span> <span class='ocrx_word' id='word_1_646' title='bbox 3424 2497 3656 2547; x_wconf 83' lang='lat' dir='ltr'>alteram</span> <span class='ocrx_word' id='word_1_647' title='bbox 3673 2513 3707 2547; x_wconf 89' lang='lat' dir='ltr'>a</span> <span class='ocrx_word' id='word_1_648' title='bbox 3716 2504 3938 2562; x_wconf 83' lang='lat' dir='ltr'>proetore</span> 
     </span>
     <span class='ocr_line' id='line_1_80' title="bbox 2382 2578 3936 2641; baseline 0.002 -13"><span class='ocrx_word' id='word_1_649' title='bbox 2382 2578 2476 2628; x_wconf 78' lang='lat' dir='ltr'>tibi</span> <span class='ocrx_word' id='word_1_650' title='bbox 2493 2579 2746 2640; x_wconf 80' lang='lat' dir='ltr'>postules,</span> <span class='ocrx_word' id='word_1_651' title='bbox 2772 2579 2996 2628; x_wconf 86' lang='lat' dir='ltr'>alteram</span> <span class='ocrx_word' id='word_1_652' title='bbox 3014 2592 3100 2640; x_wconf 75' lang='lat' dir='ltr'>eqo</span> <span class='ocrx_word' id='word_1_653' title='bbox 3112 2579 3406 2641; x_wconf 81' lang='lat' dir='ltr'>postulabo.</span> <span class='ocrx_word' id='word_1_654' title='bbox 3472 2580 3605 2641; x_wconf 82' lang='grc'><strong>(120)</strong></span> <span class='ocrx_word' id='word_1_655' title='bbox 3624 2582 3696 2629; x_wconf 82' lang='lat' dir='ltr'>lta</span> <span class='ocrx_word' id='word_1_656' title='bbox 3714 2594 3767 2630; x_wconf 80' lang='lat' dir='ltr'>se</span> <span class='ocrx_word' id='word_1_657' title='bbox 3785 2582 3936 2631; x_wconf 82' lang='lat' dir='ltr'>lactu·</span> 
     </span>
     <span class='ocr_line' id='line_1_81' title="bbox 2380 2658 3939 2724; baseline 0.004 -18"><span class='ocrx_word' id='word_1_658' title='bbox 2380 2672 2489 2709; x_wconf 91' lang='lat' dir='ltr'>rum</span> <span class='ocrx_word' id='word_1_659' title='bbox 2507 2661 2725 2723; x_wconf 86' lang='lat' dir='ltr'>promisit</span> <span class='ocrx_word' id='word_1_660' title='bbox 2741 2660 2874 2709; x_wconf 83' lang='lat' dir='ltr'>milii.</span> <span class='ocrx_word' id='word_1_661' title='bbox 2900 2663 2975 2710; x_wconf 85' lang='lat' dir='ltr'>Ex</span> <span class='ocrx_word' id='word_1_662' title='bbox 2993 2662 3135 2721; x_wconf 86' lang='lat' dir='ltr'>pacto</span> <span class='ocrx_word' id='word_1_663' title='bbox 3168 2660 3311 2721; x_wconf 77' lang='lat' dir='ltr'>igitur</span> <span class='ocrx_word' id='word_1_664' title='bbox 3339 2658 3486 2709; x_wconf 89' lang='lat' dir='ltr'>ambo</span> <span class='ocrx_word' id='word_1_665' title='bbox 3505 2673 3740 2711; x_wconf 81' lang='lat' dir='ltr'>curamus</span> <span class='ocrx_word' id='word_1_666' title='bbox 3760 2662 3939 2724; x_wconf 79' lang='lat' dir='ltr'>puellas</span> 
     </span>
     <span class='ocr_line' id='line_1_82' title="bbox 2951 2741 3937 2803; baseline 0.003 -14"><span class='ocrx_word' id='word_1_667' title='bbox 2951 2743 3132 2790; x_wconf 73' lang='lat' dir='ltr'>Verum</span> <span class='ocrx_word' id='word_1_668' title='bbox 3166 2752 3313 2801; x_wconf 86' lang='lat' dir='ltr'>quam</span> <span class='ocrx_word' id='word_1_669' title='bbox 3367 2752 3455 2802; x_wconf 79' lang='lat' dir='ltr'>ego</span> <span class='ocrx_word' id='word_1_670' title='bbox 3498 2741 3804 2803; x_wconf 81' lang='lat' dir='ltr'>postulabam</span> <span class='ocrx_word' id='word_1_671' title='bbox 3842 2743 3937 2792; x_wconf 77' lang='lat' dir='ltr'>filia</span> 
     </span>
     <span class='ocr_line' id='line_1_83' title="bbox 2381 2822 3934 2887; baseline 0.003 -16"><span class='ocrx_word' id='word_1_672' title='bbox 2381 2824 2512 2872; x_wconf 78' lang='lat' dir='ltr'>fatali</span> <span class='ocrx_word' id='word_1_673' title='bbox 2534 2823 2702 2872; x_wconf 92' lang='lat' dir='ltr'>morbo</span> <span class='ocrx_word' id='word_1_674' title='bbox 2722 2825 2939 2885; x_wconf 88' lang='lat' dir='ltr'>correpta</span> <span class='ocrx_word' id='word_1_675' title='bbox 2969 2822 3184 2883; x_wconf 71' lang='lat' dir='ltr'>decessit,</span> <span class='ocrx_word' id='word_1_676' title='bbox 3212 2836 3345 2871; x_wconf 84' lang='lat' dir='ltr'>soror</span> <span class='ocrx_word' id='word_1_677' title='bbox 3367 2836 3485 2871; x_wconf 81' lang='lat' dir='ltr'>vero</span> <span class='ocrx_word' id='word_1_678' title='bbox 3513 2822 3681 2872; x_wconf 81' lang='lat' dir='ltr'>adbuc</span> <span class='ocrx_word' id='word_1_679' title='bbox 3705 2828 3934 2887; x_wconf 74' lang='lat' dir='ltr'>superest.</span> 
     </span>
     <span class='ocr_line' id='line_1_84' title="bbox 2384 2898 3938 2962; baseline 0.002 -13"><span class='ocrx_word' id='word_1_680' title='bbox 2384 2904 2517 2950; x_wconf 80' lang='lat' dir='ltr'>Hanc</span> <span class='ocrx_word' id='word_1_681' title='bbox 2551 2901 2724 2950; x_wconf 80' lang='lat' dir='ltr'>Callias</span> <span class='ocrx_word' id='word_1_682' title='bbox 2759 2901 2989 2962; x_wconf 85' lang='lat' dir='ltr'>promissa</span> <span class='ocrx_word' id='word_1_683' title='bbox 3040 2898 3259 2949; x_wconf 88' lang='lat' dir='ltr'>mercede</span> <span class='ocrx_word' id='word_1_684' title='bbox 3301 2901 3476 2961; x_wconf 81' lang='lat' dir='ltr'>Leagro</span> <span class='ocrx_word' id='word_1_685' title='bbox 3515 2901 3835 2961; x_wconf 75' lang='lat' dir='ltr'>persuadebat</span> <span class='ocrx_word' id='word_1_686' title='bbox 3879 2905 3938 2951; x_wconf 84' lang='lat' dir='ltr'>ut</span> 
     </span>
     <span class='ocr_line' id='line_1_85' title="bbox 2377 2976 3935 3040; baseline 0.001 -13"><span class='ocrx_word' id='word_1_687' title='bbox 2377 2978 2466 3028; x_wconf 86' lang='lat' dir='ltr'>sibi</span> <span class='ocrx_word' id='word_1_688' title='bbox 2505 2992 2707 3026; x_wconf 84' lang='lat' dir='ltr'>uxorem</span> <span class='ocrx_word' id='word_1_689' title='bbox 2748 2978 3044 3039; x_wconf 83' lang='lat' dir='ltr'>permitteret</span> <span class='ocrx_word' id='word_1_690' title='bbox 3079 2991 3091 3025; x_wconf 90' lang='lat'>:</span> <span class='ocrx_word' id='word_1_691' title='bbox 3135 2976 3184 3026; x_wconf 93' lang='lat' dir='ltr'>id</span> <span class='ocrx_word' id='word_1_692' title='bbox 3217 2976 3346 3038; x_wconf 90' lang='lat' dir='ltr'>quod</span> <span class='ocrx_word' id='word_1_693' title='bbox 3380 2990 3465 3037; x_wconf 78' lang='lat' dir='ltr'>ego</span> <span class='ocrx_word' id='word_1_694' title='bbox 3500 2978 3743 3040; x_wconf 84' lang='lat' dir='ltr'>sentiens,</span> <span class='ocrx_word' id='word_1_695' title='bbox 3774 2979 3935 3029; x_wconf 82' lang='lat' dir='ltr'>statim</span> 
     </span>
     <span class='ocr_line' id='line_1_86' title="bbox 2377 3053 3937 3117; baseline 0.003 -14"><span class='ocrx_word' id='word_1_696' title='bbox 2377 3055 2627 3117; x_wconf 85' lang='lat' dir='ltr'>pecuniam</span> <span class='ocrx_word' id='word_1_697' title='bbox 2651 3056 2698 3102; x_wconf 89' lang='lat' dir='ltr'>in</span> <span class='ocrx_word' id='word_1_698' title='bbox 2724 3054 2904 3115; x_wconf 82' lang='lat' dir='ltr'>judicio</span> <span class='ocrx_word' id='word_1_699' title='bbox 2940 3053 3166 3116; x_wconf 88' lang='lat' dir='ltr'>deposui;</span> <span class='ocrx_word' id='word_1_700' title='bbox 3190 3067 3286 3116; x_wconf 89' lang='lat' dir='ltr'>quo</span> <span class='ocrx_word' id='word_1_701' title='bbox 3313 3054 3438 3102; x_wconf 80' lang='lat' dir='ltr'>sacto</span> <span class='ocrx_word' id='word_1_702' title='bbox 3467 3054 3711 3104; x_wconf 84' lang='lat' dir='ltr'>actionem</span> <span class='ocrx_word' id='word_1_703' title='bbox 3739 3069 3937 3108; x_wconf 68' lang='lat' dir='ltr'>exemia</span> 
     </span>
     <span class='ocr_line' id='line_1_87' title="bbox 2377 3132 3937 3195; baseline 0.002 -13"><span class='ocrx_word' id='word_1_704' title='bbox 2377 3147 2483 3182; x_wconf 89' lang='lat' dir='ltr'>sum</span> <span class='ocrx_word' id='word_1_705' title='bbox 2498 3171 2511 3195; x_wconf 93' lang='lat'>,</span> <span class='ocrx_word' id='word_1_706' title='bbox 2533 3134 2734 3195; x_wconf 85' lang='lat' dir='ltr'>primam</span> <span class='ocrx_word' id='word_1_707' title='bbox 2757 3132 2949 3194; x_wconf 85' lang='lat' dir='ltr'>quidem</span> <span class='ocrx_word' id='word_1_708' title='bbox 2976 3132 3201 3182; x_wconf 84' lang='lat' dir='ltr'>adversus</span> <span class='ocrx_word' id='word_1_709' title='bbox 3219 3134 3480 3193; x_wconf 83' lang='lat' dir='ltr'>Leagrum,</span> <span class='ocrx_word' id='word_1_710' title='bbox 3505 3133 3587 3182; x_wconf 91' lang='lat' dir='ltr'>cui</span> <span class='ocrx_word' id='word_1_711' title='bbox 3613 3134 3937 3185; x_wconf 81' lang='lat' dir='ltr'>conditionem</span> 
     </span>
     <span class='ocr_line' id='line_1_88' title="bbox 2377 3208 3935 3272; baseline 0.002 -14"><span class='ocrx_word' id='word_1_712' title='bbox 2377 3210 2501 3259; x_wconf 80' lang='lat' dir='ltr'>lianc</span> <span class='ocrx_word' id='word_1_713' title='bbox 2531 3209 2796 3258; x_wconf 86' lang='lat' dir='ltr'>deserebam</span> <span class='ocrx_word' id='word_1_714' title='bbox 2851 3228 2863 3255; x_wconf 73' lang='grc' dir='ltr'>ι</span> <span class='ocrx_word' id='word_1_715' title='bbox 2898 3212 2970 3259; x_wconf 86' lang='lat' dir='ltr'>Tu</span> <span class='ocrx_word' id='word_1_716' title='bbox 2997 3208 3208 3272; x_wconf 78' lang='lat' dir='ltr'>quidem</span> <span class='ocrx_word' id='word_1_717' title='bbox 3253 3209 3499 3270; x_wconf 83' lang='lat' dir='ltr'>(inquam)</span> <span class='ocrx_word' id='word_1_718' title='bbox 3529 3213 3578 3259; x_wconf 81' lang='lat' dir='ltr'>si</span> <span class='ocrx_word' id='word_1_719' title='bbox 3607 3210 3821 3261; x_wconf 80' lang='lat' dir='ltr'>domum</span> <span class='ocrx_word' id='word_1_720' title='bbox 3837 3213 3935 3262; x_wconf 80' lang='lat' dir='ltr'>du·</span> 
     </span>
     <span class='ocr_line' id='line_1_89' title="bbox 2377 3284 3933 3349; baseline 0.001 -11"><span class='ocrx_word' id='word_1_721' title='bbox 2377 3301 2487 3338; x_wconf 79' lang='lat' dir='ltr'>cere</span> <span class='ocrx_word' id='word_1_722' title='bbox 2503 3287 2739 3349; x_wconf 84' lang='lat' dir='ltr'>puellam</span> <span class='ocrx_word' id='word_1_723' title='bbox 2770 3288 2846 3335; x_wconf 80' lang='lat' dir='ltr'>vis</span> <span class='ocrx_word' id='word_1_724' title='bbox 2865 3321 2879 3347; x_wconf 96' lang='lat'>,</span> <span class='ocrx_word' id='word_1_725' title='bbox 2905 3284 3033 3334; x_wconf 79' lang='lat' dir='ltr'>habe</span> <span class='ocrx_word' id='word_1_726' title='bbox 3052 3285 3172 3343; x_wconf 77' lang='lat' dir='ltr'>tibi,</span> <span class='ocrx_word' id='word_1_727' title='bbox 3193 3284 3330 3347; x_wconf 86' lang='lat' dir='ltr'>quod</span> <span class='ocrx_word' id='word_1_728' title='bbox 3357 3284 3480 3333; x_wconf 83' lang='lat' dir='ltr'>bene</span> <span class='ocrx_word' id='word_1_729' title='bbox 3508 3285 3598 3335; x_wconf 74' lang='lat' dir='ltr'>tibi</span> <span class='ocrx_word' id='word_1_730' title='bbox 3616 3291 3826 3343; x_wconf 69' lang='lat' dir='ltr'>vertats</span> <span class='ocrx_word' id='word_1_731' title='bbox 3849 3294 3933 3339; x_wconf 76' lang='lat' dir='ltr'>sin</span> 
     </span>
     <span class='ocr_line' id='line_1_90' title="bbox 2374 3361 3936 3426; baseline 0.002 -14"><span class='ocrx_word' id='word_1_732' title='bbox 2374 3366 2564 3422; x_wconf 80' lang='lat' dir='ltr'>minus,</span> <span class='ocrx_word' id='word_1_733' title='bbox 2582 3366 2690 3412; x_wconf 86' lang='lat' dir='ltr'>tum</span> <span class='ocrx_word' id='word_1_734' title='bbox 2707 3375 2792 3423; x_wconf 78' lang='lat' dir='ltr'>eyo</span> <span class='ocrx_word' id='word_1_735' title='bbox 2816 3375 2929 3410; x_wconf 83' lang='lat' dir='ltr'>eam</span> <span class='ocrx_word' id='word_1_736' title='bbox 2955 3361 3023 3410; x_wconf 89' lang='lat' dir='ltr'>ab</span> <span class='ocrx_word' id='word_1_737' title='bbox 3043 3361 3290 3410; x_wconf 76' lang='lat' dir='ltr'>archonte</span> <span class='ocrx_word' id='word_1_738' title='bbox 3311 3362 3538 3422; x_wconf 87' lang='lat' dir='ltr'>postulo.</span> <span class='ocrx_word' id='word_1_739' title='bbox 3589 3363 3723 3426; x_wconf 89' lang='grc'><strong>(121)</strong></span> <span class='ocrx_word' id='word_1_740' title='bbox 3762 3365 3936 3415; x_wconf 76' lang='lat' dir='ltr'>Callias</span> 
     </span>
     <span class='ocr_line' id='line_1_91' title="bbox 2376 3436 3936 3502; baseline 0.003 -14"><span class='ocrx_word' id='word_1_741' title='bbox 2376 3443 2539 3488; x_wconf 88' lang='lat' dir='ltr'>autem</span> <span class='ocrx_word' id='word_1_742' title='bbox 2554 3476 2569 3500; x_wconf 91' lang='lat'>,</span> <span class='ocrx_word' id='word_1_743' title='bbox 2607 3453 2665 3488; x_wconf 86' lang='lat' dir='ltr'>eo</span> <span class='ocrx_word' id='word_1_744' title='bbox 2683 3442 2953 3501; x_wconf 87' lang='lat' dir='ltr'>comperto,</span> <span class='ocrx_word' id='word_1_745' title='bbox 2986 3439 3222 3487; x_wconf 87' lang='lat' dir='ltr'>actionem</span> <span class='ocrx_word' id='word_1_746' title='bbox 3245 3436 3478 3486; x_wconf 75' lang='lat' dir='ltr'>adversus</span> <span class='ocrx_word' id='word_1_747' title='bbox 3502 3452 3588 3489; x_wconf 91' lang='lat' dir='ltr'>me</span> <span class='ocrx_word' id='word_1_748' title='bbox 3613 3453 3704 3502; x_wconf 87' lang='lat' dir='ltr'>pro</span> <span class='ocrx_word' id='word_1_749' title='bbox 3729 3442 3827 3490; x_wconf 83' lang='lat' dir='ltr'>lilio</span> <span class='ocrx_word' id='word_1_750' title='bbox 3847 3456 3936 3493; x_wconf 76' lang='lat' dir='ltr'>suo</span> 
     </span>
     <span class='ocr_line' id='line_1_92' title="bbox 2376 3514 3936 3579; baseline 0.002 -14"><span class='ocrx_word' id='word_1_751' title='bbox 2376 3517 2653 3579; x_wconf 82' lang='lat' dir='ltr'>capessivit,</span> <span class='ocrx_word' id='word_1_752' title='bbox 2686 3516 2763 3565; x_wconf 87' lang='lat' dir='ltr'>die</span> <span class='ocrx_word' id='word_1_753' title='bbox 2788 3515 2971 3564; x_wconf 88' lang='lat' dir='ltr'>decima</span> <span class='ocrx_word' id='word_1_754' title='bbox 2990 3528 3164 3564; x_wconf 83' lang='lat' dir='ltr'>mensis</span> <span class='ocrx_word' id='word_1_755' title='bbox 3179 3527 3276 3576; x_wconf 86' lang='lat' dir='ltr'>quo</span> <span class='ocrx_word' id='word_1_756' title='bbox 3295 3527 3380 3575; x_wconf 88' lang='lat' dir='ltr'>ego</span> <span class='ocrx_word' id='word_1_757' title='bbox 3410 3514 3575 3564; x_wconf 87' lang='lat' dir='ltr'>minus</span> <span class='ocrx_word' id='word_1_758' title='bbox 3594 3530 3786 3579; x_wconf 84' lang='lat' dir='ltr'>possem</span> <span class='ocrx_word' id='word_1_759' title='bbox 3804 3519 3936 3569; x_wconf 85' lang='lat' dir='ltr'>litem</span> 
     </span>
     <span class='ocr_line' id='line_1_93' title="bbox 2377 3590 3933 3657; baseline 0.003 -17"><span class='ocrx_word' id='word_1_760' title='bbox 2377 3594 2612 3657; x_wconf 85' lang='lat' dir='ltr'>persequi.</span> <span class='ocrx_word' id='word_1_761' title='bbox 2636 3594 2721 3642; x_wconf 88' lang='lat' dir='ltr'>Die</span> <span class='ocrx_word' id='word_1_762' title='bbox 2744 3593 2970 3653; x_wconf 66' lang='lat' dir='ltr'>vigesimo</span> <span class='ocrx_word' id='word_1_763' title='bbox 2989 3594 3038 3640; x_wconf 90' lang='lat' dir='ltr'>et</span> <span class='ocrx_word' id='word_1_764' title='bbox 3056 3591 3286 3654; x_wconf 78' lang='lat' dir='ltr'>proximis</span> <span class='ocrx_word' id='word_1_765' title='bbox 3305 3590 3674 3651; x_wconf 83' lang='lat' dir='ltr'>insequentibus</span> <span class='ocrx_word' id='word_1_766' title='bbox 3687 3631 3702 3655; x_wconf 93' lang='lat'>,</span> <span class='ocrx_word' id='word_1_767' title='bbox 3726 3596 3933 3645; x_wconf 86' lang='lat' dir='ltr'>tenenti·</span> 
     </span>
     <span class='ocr_line' id='line_1_94' title="bbox 2376 3666 3939 3733; baseline 0.002 -13"><span class='ocrx_word' id='word_1_768' title='bbox 2376 3672 2466 3720; x_wconf 88' lang='lat' dir='ltr'>bus</span> <span class='ocrx_word' id='word_1_769' title='bbox 2481 3671 2731 3733; x_wconf 74' lang='lat' dir='ltr'>mysteriiS,</span> <span class='ocrx_word' id='word_1_770' title='bbox 2751 3683 2831 3731; x_wconf 90' lang='lat' dir='ltr'>per</span> <span class='ocrx_word' id='word_1_771' title='bbox 2847 3668 3118 3732; x_wconf 83' lang='lat' dir='ltr'>Cepliisium</span> <span class='ocrx_word' id='word_1_772' title='bbox 3134 3668 3262 3716; x_wconf 87' lang='lat' dir='ltr'>bunc</span> <span class='ocrx_word' id='word_1_773' title='bbox 3273 3703 3287 3728; x_wconf 95' lang='lat'>,</span> <span class='ocrx_word' id='word_1_774' title='bbox 3306 3666 3439 3715; x_wconf 88' lang='lat' dir='ltr'>mille</span> <span class='ocrx_word' id='word_1_775' title='bbox 3453 3667 3804 3721; x_wconf 82' lang='lat' dir='ltr'>drachmarum</span> <span class='ocrx_word' id='word_1_776' title='bbox 3816 3686 3939 3722; x_wconf 82' lang='lat' dir='ltr'>mer·</span> 
     </span>
     <span class='ocr_line' id='line_1_95' title="bbox 2376 3744 3935 3810; baseline 0.001 -12"><span class='ocrx_word' id='word_1_777' title='bbox 2376 3749 2492 3798; x_wconf 86' lang='lat' dir='ltr'>cede</span> <span class='ocrx_word' id='word_1_778' title='bbox 2511 3748 2810 3809; x_wconf 87' lang='lat' dir='ltr'>redemptum</span> <span class='ocrx_word' id='word_1_779' title='bbox 2827 3783 2842 3807; x_wconf 92' lang='lat'>,</span> <span class='ocrx_word' id='word_1_780' title='bbox 2857 3760 2934 3795; x_wconf 89' lang='lat' dir='ltr'>me</span> <span class='ocrx_word' id='word_1_781' title='bbox 2948 3745 3144 3805; x_wconf 86' lang='lat' dir='ltr'>detulit,</span> <span class='ocrx_word' id='word_1_782' title='bbox 3160 3747 3208 3793; x_wconf 92' lang='lat' dir='ltr'>et</span> <span class='ocrx_word' id='word_1_783' title='bbox 3223 3745 3270 3792; x_wconf 90' lang='lat' dir='ltr'>in</span> <span class='ocrx_word' id='word_1_784' title='bbox 3285 3744 3432 3792; x_wconf 85' lang='lat' dir='ltr'>hocce</span> <span class='ocrx_word' id='word_1_785' title='bbox 3443 3748 3698 3797; x_wconf 83' lang='lat' dir='ltr'>certamen</span> <span class='ocrx_word' id='word_1_786' title='bbox 3715 3749 3935 3810; x_wconf 75' lang='lat' dir='ltr'>conjecit.</span> 
     </span>
     <span class='ocr_line' id='line_1_96' title="bbox 2377 3820 3935 3884; baseline 0.001 -9"><span class='ocrx_word' id='word_1_787' title='bbox 2377 3830 2441 3876; x_wconf 88' lang='lat' dir='ltr'>Ut</span> <span class='ocrx_word' id='word_1_788' title='bbox 2463 3829 2624 3874; x_wconf 88' lang='lat' dir='ltr'>autem</span> <span class='ocrx_word' id='word_1_789' title='bbox 2643 3839 2721 3873; x_wconf 90' lang='lat' dir='ltr'>me</span> <span class='ocrx_word' id='word_1_790' title='bbox 2739 3824 2932 3873; x_wconf 78' lang='lat' dir='ltr'>videbat</span> <span class='ocrx_word' id='word_1_791' title='bbox 2947 3823 2995 3870; x_wconf 91' lang='lat' dir='ltr'>in</span> <span class='ocrx_word' id='word_1_792' title='bbox 3012 3822 3131 3871; x_wconf 87' lang='lat' dir='ltr'>urbe</span> <span class='ocrx_word' id='word_1_793' title='bbox 3148 3823 3439 3881; x_wconf 88' lang='lat' dir='ltr'>manentem,</span> <span class='ocrx_word' id='word_1_794' title='bbox 3455 3820 3733 3884; x_wconf 87' lang='lat' dir='ltr'>deponebat</span> <span class='ocrx_word' id='word_1_795' title='bbox 3750 3839 3935 3876; x_wconf 87' lang='lat' dir='ltr'>ramum</span> 
     </span>
     <span class='ocr_line' id='line_1_97' title="bbox 2375 3899 3937 3965; baseline 0.003 -14"><span class='ocrx_word' id='word_1_796' title='bbox 2375 3904 2512 3953; x_wconf 90' lang='lat' dir='ltr'>illum</span> <span class='ocrx_word' id='word_1_797' title='bbox 2548 3904 2936 3965; x_wconf 86' lang='lat' dir='ltr'>supplicatorium</span> <span class='ocrx_word' id='word_1_798' title='bbox 2957 3937 2972 3961; x_wconf 93' lang='lat'>,</span> <span class='ocrx_word' id='word_1_799' title='bbox 3009 3914 3108 3963; x_wconf 91' lang='lat' dir='ltr'>quo</span> <span class='ocrx_word' id='word_1_800' title='bbox 3133 3914 3211 3949; x_wconf 90' lang='lat' dir='ltr'>me</span> <span class='ocrx_word' id='word_1_801' title='bbox 3236 3902 3322 3949; x_wconf 85' lang='lat' dir='ltr'>aut</span> <span class='ocrx_word' id='word_1_802' title='bbox 3356 3899 3542 3950; x_wconf 84' lang='lat' dir='ltr'>indicta</span> <span class='ocrx_word' id='word_1_803' title='bbox 3574 3915 3726 3953; x_wconf 84' lang='lat' dir='ltr'>causa</span> <span class='ocrx_word' id='word_1_804' title='bbox 3747 3906 3937 3956; x_wconf 82' lang='lat' dir='ltr'>tolleret</span> 
     </span>
    </p>
   </div>
   <div class='ocr_carea' id='block_1_29' title="bbox 2325 3977 3934 4045">
    <p class='ocr_par' dir='ltr' id='par_1_29' title="bbox 2325 3977 3934 4045">
     <span class='ocr_line' id='line_1_98' title="bbox 2325 3977 3934 4045; baseline 0.002 -18"><span class='ocrx_word' id='word_1_805' title='bbox 2325 4008 2328 4027; x_wconf 44' lang='lat'>1.</span> <span class='ocrx_word' id='word_1_806' title='bbox 2375 3983 2461 4028; x_wconf 87' lang='lat' dir='ltr'>aut</span> <span class='ocrx_word' id='word_1_807' title='bbox 2484 3981 2636 4042; x_wconf 88' lang='lat' dir='ltr'>patria</span> <span class='ocrx_word' id='word_1_808' title='bbox 2655 3980 2938 4042; x_wconf 85' lang='lat' dir='ltr'>expelleret,</span> <span class='ocrx_word' id='word_1_809' title='bbox 2953 3977 3056 4039; x_wconf 81' lang='lat' dir='ltr'>ipse</span> <span class='ocrx_word' id='word_1_810' title='bbox 3071 3980 3260 4037; x_wconf 87' lang='lat' dir='ltr'>autem,</span> <span class='ocrx_word' id='word_1_811' title='bbox 3284 3979 3460 4038; x_wconf 58' lang='lat' dir='ltr'>[sagro</span> <span class='ocrx_word' id='word_1_812' title='bbox 3478 3981 3697 4029; x_wconf 83' lang='lat' dir='ltr'>nummis</span> <span class='ocrx_word' id='word_1_813' title='bbox 3723 3981 3934 4045; x_wconf 82' lang='lat' dir='ltr'>placato,</span> 
     </span>
    </p>
   </div>
   <div class='ocr_carea' id='block_1_30' title="bbox 2375 4053 3934 4121">
    <p class='ocr_par' dir='ltr' id='par_1_30' title="bbox 2375 4053 3934 4121">
     <span class='ocr_line' id='line_1_99' title="bbox 2375 4053 3934 4121; baseline 0.003 -18"><span class='ocrx_word' id='word_1_814' title='bbox 2375 4056 2521 4105; x_wconf 88' lang='lat' dir='ltr'>tiliam</span> <span class='ocrx_word' id='word_1_815' title='bbox 2544 4056 2726 4117; x_wconf 80' lang='lat' dir='ltr'>Epilyci</span> <span class='ocrx_word' id='word_1_816' title='bbox 2744 4056 2876 4105; x_wconf 89' lang='lat' dir='ltr'>domi</span> <span class='ocrx_word' id='word_1_817' title='bbox 2893 4068 3094 4104; x_wconf 79' lang='lat' dir='ltr'>uxorem</span> <span class='ocrx_word' id='word_1_818' title='bbox 3117 4054 3330 4103; x_wconf 87' lang='lat' dir='ltr'>haberet.</span> <span class='ocrx_word' id='word_1_819' title='bbox 3396 4053 3529 4115; x_wconf 88' lang='grc'><strong>(122)</strong></span> <span class='ocrx_word' id='word_1_820' title='bbox 3550 4055 3736 4106; x_wconf 70' lang='lat' dir='ltr'>Videns</span> <span class='ocrx_word' id='word_1_821' title='bbox 3752 4061 3934 4121; x_wconf 84' lang='lat' dir='ltr'>autem,</span> 
     </span>
    </p>
   </div>
   <div class='ocr_carea' id='block_1_31' title="bbox 2334 4132 3936 4275">
    <p class='ocr_par' dir='ltr' id='par_1_31' title="bbox 2334 4132 3936 4275">
     <span class='ocr_line' id='line_1_100' title="bbox 2334 4132 3934 4200; baseline 0.004 -19"><span class='ocrx_word' id='word_1_822' title='bbox 2334 4165 2338 4180; x_wconf 67' lang='grc'>.,</span> <span class='ocrx_word' id='word_1_823' title='bbox 2374 4147 2435 4183; x_wconf 89' lang='lat' dir='ltr'>ne</span> <span class='ocrx_word' id='word_1_824' title='bbox 2466 4135 2534 4183; x_wconf 86' lang='lat' dir='ltr'>sic</span> <span class='ocrx_word' id='word_1_825' title='bbox 2560 4135 2752 4197; x_wconf 87' lang='lat' dir='ltr'>quidem</span> <span class='ocrx_word' id='word_1_826' title='bbox 2771 4136 2858 4184; x_wconf 84' lang='lat' dir='ltr'>sibi</span> <span class='ocrx_word' id='word_1_827' title='bbox 2887 4148 2988 4183; x_wconf 88' lang='lat' dir='ltr'>rem</span> <span class='ocrx_word' id='word_1_828' title='bbox 3010 4135 3111 4184; x_wconf 86' lang='lat' dir='ltr'>sine</span> <span class='ocrx_word' id='word_1_829' title='bbox 3132 4132 3391 4183; x_wconf 84' lang='lat' dir='ltr'>certamine</span> <span class='ocrx_word' id='word_1_830' title='bbox 3412 4145 3778 4198; x_wconf 76' lang='lat' dir='ltr'>successuram,</span> <span class='ocrx_word' id='word_1_831' title='bbox 3796 4137 3934 4200; x_wconf 75' lang='lat' dir='ltr'>Lysi-</span> 
     </span>
     <span class='ocr_line' id='line_1_101' title="bbox 2335 4205 3936 4275; baseline 0.003 -14"><span class='ocrx_word' id='word_1_832' title='bbox 2335 4205 2338 4271; x_wconf 56' lang='lat' dir='ltr'><strong><em>s</em></strong></span> <span class='ocrx_word' id='word_1_833' title='bbox 2376 4216 2580 4262; x_wconf 83' lang='lat' dir='ltr'>stratum</span> <span class='ocrx_word' id='word_1_834' title='bbox 2594 4213 2712 4263; x_wconf 89' lang='lat' dir='ltr'>adiit</span> <span class='ocrx_word' id='word_1_835' title='bbox 2733 4218 3148 4275; x_wconf 78' lang='lat' dir='ltr'>Hegemonemque</span> <span class='ocrx_word' id='word_1_836' title='bbox 3161 4216 3210 4262; x_wconf 87' lang='lat' dir='ltr'>et</span> <span class='ocrx_word' id='word_1_837' title='bbox 3228 4210 3513 4273; x_wconf 83' lang='lat' dir='ltr'>Epicharem</span> <span class='ocrx_word' id='word_1_838' title='bbox 3527 4248 3542 4273; x_wconf 91' lang='lat'>,</span> <span class='ocrx_word' id='word_1_839' title='bbox 3562 4226 3690 4275; x_wconf 83' lang='lat' dir='ltr'>quos</span> <span class='ocrx_word' id='word_1_840' title='bbox 3709 4216 3936 4266; x_wconf 76' lang='lat' dir='ltr'>cernebat</span> 
     </span>
    </p>
   </div>
   <div class='ocr_carea' id='block_1_32' title="bbox 2376 4288 3935 4354">
    <p class='ocr_par' dir='ltr' id='par_1_32' title="bbox 2376 4288 3935 4354">
     <span class='ocr_line' id='line_1_102' title="bbox 2376 4288 3935 4354; baseline 0.003 -16"><span class='ocrx_word' id='word_1_841' title='bbox 2376 4291 2489 4338; x_wconf 83' lang='grc'><strong>1111111</strong></span> <span class='ocrx_word' id='word_1_842' title='bbox 2502 4292 2680 4339; x_wconf 88' lang='lat' dir='ltr'>amicos</span> <span class='ocrx_word' id='word_1_843' title='bbox 2698 4293 2746 4339; x_wconf 93' lang='lat' dir='ltr'>et</span> <span class='ocrx_word' id='word_1_844' title='bbox 2761 4291 3016 4339; x_wconf 78' lang='lat' dir='ltr'>familiares</span> <span class='ocrx_word' id='word_1_845' title='bbox 3028 4303 3145 4349; x_wconf 86' lang='lat' dir='ltr'>esse,</span> <span class='ocrx_word' id='word_1_846' title='bbox 3157 4301 3308 4351; x_wconf 87' lang='lat' dir='ltr'>eoque</span> <span class='ocrx_word' id='word_1_847' title='bbox 3323 4288 3637 4349; x_wconf 76' lang='lat' dir='ltr'>impudentiae</span> <span class='ocrx_word' id='word_1_848' title='bbox 3652 4294 3702 4340; x_wconf 89' lang='lat' dir='ltr'>et</span> <span class='ocrx_word' id='word_1_849' title='bbox 3712 4290 3935 4354; x_wconf 81' lang='lat' dir='ltr'>improbi·</span> 
     </span>
    </p>
   </div>
   <div class='ocr_carea' id='block_1_33' title="bbox 2337 4364 3934 4432">
    <p class='ocr_par' dir='ltr' id='par_1_33' title="bbox 2337 4364 3934 4432">
     <span class='ocr_line' id='line_1_103' title="bbox 2337 4364 3934 4432; baseline 0.001 -15"><span class='ocrx_word' id='word_1_850' title='bbox 2337 4380 2338 4396; x_wconf 64' lang='lat'>¹</span> <span class='ocrx_word' id='word_1_851' title='bbox 2375 4370 2486 4417; x_wconf 85' lang='lat' dir='ltr'>tatis</span> <span class='ocrx_word' id='word_1_852' title='bbox 2504 4368 2747 4430; x_wconf 88' lang='lat' dir='ltr'>processit,</span> <span class='ocrx_word' id='word_1_853' title='bbox 2761 4370 2816 4416; x_wconf 91' lang='lat' dir='ltr'>ut</span> <span class='ocrx_word' id='word_1_854' title='bbox 2826 4366 2885 4415; x_wconf 88' lang='lat' dir='ltr'>ad</span> <span class='ocrx_word' id='word_1_855' title='bbox 2901 4366 2987 4414; x_wconf 85' lang='lat' dir='ltr'>bos</span> <span class='ocrx_word' id='word_1_856' title='bbox 3000 4365 3261 4414; x_wconf 77' lang='lat' dir='ltr'>declararet</span> <span class='ocrx_word' id='word_1_857' title='bbox 3273 4364 3433 4413; x_wconf 86' lang='lat' dir='ltr'>adhuc</span> <span class='ocrx_word' id='word_1_858' title='bbox 3449 4366 3490 4414; x_wconf 84' lang='lat' dir='ltr'>si</span> <span class='ocrx_word' id='word_1_859' title='bbox 3503 4367 3654 4416; x_wconf 80' lang='lat' dir='ltr'>velim</span> <span class='ocrx_word' id='word_1_860' title='bbox 3672 4368 3734 4417; x_wconf 88' lang='lat' dir='ltr'>ab</span> <span class='ocrx_word' id='word_1_861' title='bbox 3751 4368 3934 4432; x_wconf 78' lang='lat' dir='ltr'>Epilyci</span> 
     </span>
    </p>
   </div>
   <div class='ocr_carea' id='block_1_34' title="bbox 2374 4440 3937 5125">
    <p class='ocr_par' dir='ltr' id='par_1_34' title="bbox 2374 4440 3937 5125">
     <span class='ocr_line' id='line_1_104' title="bbox 2375 4440 3931 4508; baseline -0.002 -12"><span class='ocrx_word' id='word_1_862' title='bbox 2375 4447 2471 4496; x_wconf 83' lang='lat' dir='ltr'>tilia</span> <span class='ocrx_word' id='word_1_863' title='bbox 2489 4446 2740 4506; x_wconf 62' lang='lat' dir='ltr'>desistere,</span> <span class='ocrx_word' id='word_1_864' title='bbox 2759 4458 2810 4493; x_wconf 89' lang='lat' dir='ltr'>se</span> <span class='ocrx_word' id='word_1_865' title='bbox 2834 4456 3027 4505; x_wconf 89' lang='lat' dir='ltr'>quoque</span> <span class='ocrx_word' id='word_1_866' title='bbox 3057 4442 3201 4490; x_wconf 84' lang='lat' dir='ltr'>linem</span> <span class='ocrx_word' id='word_1_867' title='bbox 3232 4440 3326 4490; x_wconf 87' lang='lat' dir='ltr'>mei</span> <span class='ocrx_word' id='word_1_868' title='bbox 3353 4442 3568 4490; x_wconf 80' lang='lat' dir='ltr'>vexandi</span> <span class='ocrx_word' id='word_1_869' title='bbox 3597 4443 3756 4495; x_wconf 77' lang='lat' dir='ltr'>facere</span> <span class='ocrx_word' id='word_1_870' title='bbox 3780 4447 3931 4508; x_wconf 70' lang='lat' dir='ltr'>vdie,</span> 
     </span>
     <span class='ocr_line' id='line_1_105' title="bbox 2375 4521 3936 4588; baseline -0.002 -12"><span class='ocrx_word' id='word_1_871' title='bbox 2375 4526 2690 4588; x_wconf 80' lang='lat' dir='ltr'>Cepliisioque</span> <span class='ocrx_word' id='word_1_872' title='bbox 2712 4523 2951 4573; x_wconf 82' lang='lat' dir='ltr'>silentium</span> <span class='ocrx_word' id='word_1_873' title='bbox 2970 4534 3070 4570; x_wconf 78' lang='lat' dir='ltr'>esse</span> <span class='ocrx_word' id='word_1_874' title='bbox 3092 4521 3425 4583; x_wconf 88' lang='lat' dir='ltr'>impositurum</span> <span class='ocrx_word' id='word_1_875' title='bbox 3441 4555 3455 4580; x_wconf 91' lang='lat'>,</span> <span class='ocrx_word' id='word_1_876' title='bbox 3476 4524 3526 4570; x_wconf 85' lang='lat' dir='ltr'>et</span> <span class='ocrx_word' id='word_1_877' title='bbox 3548 4521 3803 4573; x_wconf 87' lang='lat' dir='ltr'>luitionem</span> <span class='ocrx_word' id='word_1_878' title='bbox 3818 4523 3936 4586; x_wconf 81' lang='lat' dir='ltr'>inju-</span> 
     </span>
     <span class='ocr_line' id='line_1_106' title="bbox 2376 4596 3932 4666; baseline -0.002 -14"><span class='ocrx_word' id='word_1_879' title='bbox 2376 4604 2554 4653; x_wconf 88' lang='lat' dir='ltr'>riarum</span> <span class='ocrx_word' id='word_1_880' title='bbox 2581 4602 2777 4650; x_wconf 86' lang='lat' dir='ltr'>arbitrio</span> <span class='ocrx_word' id='word_1_881' title='bbox 2808 4599 3070 4647; x_wconf 84' lang='lat' dir='ltr'>amicorum</span> <span class='ocrx_word' id='word_1_882' title='bbox 3101 4609 3202 4646; x_wconf 83' lang='lat' dir='ltr'>esse</span> <span class='ocrx_word' id='word_1_883' title='bbox 3231 4596 3594 4658; x_wconf 86' lang='lat' dir='ltr'>permissurum.</span> <span class='ocrx_word' id='word_1_884' title='bbox 3667 4602 3797 4662; x_wconf 79' lang='grc'><strong>(123)</strong></span> <span class='ocrx_word' id='word_1_885' title='bbox 3836 4605 3932 4666; x_wconf 68' lang='lat' dir='ltr'>Ego</span> 
     </span>
     <span class='ocr_line' id='line_1_107' title="bbox 2374 4673 3931 4737; baseline -0.001 -7"><span class='ocrx_word' id='word_1_886' title='bbox 2374 4693 2489 4730; x_wconf 83' lang='lat' dir='ltr'>vero</span> <span class='ocrx_word' id='word_1_887' title='bbox 2507 4679 2550 4728; x_wconf 90' lang='lat' dir='ltr'>ei</span> <span class='ocrx_word' id='word_1_888' title='bbox 2579 4678 2875 4737; x_wconf 74' lang='lat' dir='ltr'>renuntiavi,</span> <span class='ocrx_word' id='word_1_889' title='bbox 2896 4688 2974 4724; x_wconf 89' lang='lat' dir='ltr'>me</span> <span class='ocrx_word' id='word_1_890' title='bbox 2991 4677 3236 4723; x_wconf 88' lang='lat' dir='ltr'>auctorem</span> <span class='ocrx_word' id='word_1_891' title='bbox 3257 4673 3343 4734; x_wconf 86' lang='lat' dir='ltr'>ipsi</span> <span class='ocrx_word' id='word_1_892' title='bbox 3361 4686 3492 4729; x_wconf 58' lang='lat' dir='ltr'>esse.</span> <span class='ocrx_word' id='word_1_893' title='bbox 3512 4678 3570 4723; x_wconf 90' lang='lat' dir='ltr'>ut</span> <span class='ocrx_word' id='word_1_894' title='bbox 3587 4677 3638 4725; x_wconf 86' lang='lat' dir='ltr'>et</span> <span class='ocrx_word' id='word_1_895' title='bbox 3663 4679 3931 4728; x_wconf 82' lang='lat' dir='ltr'>accusatio·</span> 
     </span>
     <span class='ocr_line' id='line_1_108' title="bbox 2376 4750 3937 4818; baseline -0.001 -11"><span class='ocrx_word' id='word_1_896' title='bbox 2376 4771 2487 4807; x_wconf 87' lang='lat' dir='ltr'>nem</span> <span class='ocrx_word' id='word_1_897' title='bbox 2523 4757 2908 4818; x_wconf 84' lang='lat' dir='ltr'>persequeretur,</span> <span class='ocrx_word' id='word_1_898' title='bbox 2941 4754 2992 4802; x_wconf 87' lang='lat' dir='ltr'>et</span> <span class='ocrx_word' id='word_1_899' title='bbox 3026 4751 3146 4800; x_wconf 83' lang='lat' dir='ltr'>alios</span> <span class='ocrx_word' id='word_1_900' title='bbox 3172 4750 3290 4801; x_wconf 87' lang='lat' dir='ltr'>mihi</span> <span class='ocrx_word' id='word_1_901' title='bbox 3321 4750 3607 4801; x_wconf 82' lang='lat' dir='ltr'>inunitteret</span> <span class='ocrx_word' id='word_1_902' title='bbox 3645 4768 3660 4802; x_wconf 71' lang='grc' dir='ltr'>ε</span> <span class='ocrx_word' id='word_1_903' title='bbox 3691 4765 3866 4803; x_wconf 79' lang='lat' dir='ltr'>verum</span> <span class='ocrx_word' id='word_1_904' title='bbox 3888 4754 3937 4806; x_wconf 73' lang='lat' dir='ltr'>sl</span> 
     </span>
     <span class='ocr_line' id='line_1_109' title="bbox 2376 4828 3935 4899; baseline -0.003 -14"><span class='ocrx_word' id='word_1_905' title='bbox 2376 4850 2511 4899; x_wconf 83' lang='lat' dir='ltr'>aequa</span> <span class='ocrx_word' id='word_1_906' title='bbox 2526 4836 2743 4897; x_wconf 84' lang='lat' dir='ltr'>judicum</span> <span class='ocrx_word' id='word_1_907' title='bbox 2761 4833 2994 4883; x_wconf 88' lang='lat' dir='ltr'>sententia</span> <span class='ocrx_word' id='word_1_908' title='bbox 3016 4828 3261 4879; x_wconf 82' lang='lat' dir='ltr'>absolutus</span> <span class='ocrx_word' id='word_1_909' title='bbox 3279 4829 3471 4885; x_wconf 80' lang='lat' dir='ltr'>fuerim.</span> <span class='ocrx_word' id='word_1_910' title='bbox 3492 4830 3600 4879; x_wconf 81' lang='lat' dir='ltr'>sore</span> <span class='ocrx_word' id='word_1_911' title='bbox 3618 4833 3862 4896; x_wconf 76' lang='lat' dir='ltr'>prolecto,</span> <span class='ocrx_word' id='word_1_912' title='bbox 3876 4837 3935 4885; x_wconf 81' lang='lat' dir='ltr'>ut</span> 
     </span>
     <span class='ocr_line' id='line_1_110' title="bbox 2377 4906 3936 4977; baseline -0.004 -13"><span class='ocrx_word' id='word_1_913' title='bbox 2377 4914 2474 4977; x_wconf 87' lang='lat' dir='ltr'>ipse</span> <span class='ocrx_word' id='word_1_914' title='bbox 2492 4913 2693 4962; x_wconf 82' lang='lat' dir='ltr'>vicissim</span> <span class='ocrx_word' id='word_1_915' title='bbox 2714 4911 2773 4961; x_wconf 88' lang='lat' dir='ltr'>de</span> <span class='ocrx_word' id='word_1_916' title='bbox 2803 4924 2890 4958; x_wconf 87' lang='lat' dir='ltr'>suo</span> <span class='ocrx_word' id='word_1_917' title='bbox 2918 4908 3073 4970; x_wconf 83' lang='lat' dir='ltr'>capite</span> <span class='ocrx_word' id='word_1_918' title='bbox 3087 4919 3170 4969; x_wconf 90' lang='lat' dir='ltr'>per</span> <span class='ocrx_word' id='word_1_919' title='bbox 3188 4919 3267 4954; x_wconf 90' lang='lat' dir='ltr'>me</span> <span class='ocrx_word' id='word_1_920' title='bbox 3280 4906 3341 4954; x_wconf 86' lang='lat' dir='ltr'>sit</span> <span class='ocrx_word' id='word_1_921' title='bbox 3359 4906 3738 4967; x_wconf 80' lang='lat' dir='ltr'>periclitatur-us.</span> <span class='ocrx_word' id='word_1_922' title='bbox 3765 4912 3936 4972; x_wconf 73' lang='lat' dir='ltr'>Neque</span> 
     </span>
     <span class='ocr_line' id='line_1_111' title="bbox 2376 4983 3935 5049; baseline -0.006 -6"><span class='ocrx_word' id='word_1_923' title='bbox 2376 4995 2437 5043; x_wconf 89' lang='lat' dir='ltr'>de</span> <span class='ocrx_word' id='word_1_924' title='bbox 2466 4994 2540 5042; x_wconf 82' lang='lat' dir='ltr'>liis</span> <span class='ocrx_word' id='word_1_925' title='bbox 2573 4992 2714 5041; x_wconf 77' lang='lat' dir='ltr'>salsus</span> <span class='ocrx_word' id='word_1_926' title='bbox 2744 4991 2786 5039; x_wconf 87' lang='lat' dir='ltr'>ei</span> <span class='ocrx_word' id='word_1_927' title='bbox 2810 4991 2945 5037; x_wconf 80' lang='lat' dir='ltr'>vates</span> <span class='ocrx_word' id='word_1_928' title='bbox 2966 4988 3129 5043; x_wconf 77' lang='lat' dir='ltr'>suere,</span> <span class='ocrx_word' id='word_1_929' title='bbox 3161 4985 3200 5033; x_wconf 84' lang='lat' dir='ltr'>si</span> <span class='ocrx_word' id='word_1_930' title='bbox 3228 4984 3381 5046; x_wconf 76' lang='lat' dir='ltr'>vebia,</span> <span class='ocrx_word' id='word_1_931' title='bbox 3401 4997 3432 5033; x_wconf 93' lang='lat' dir='ltr'>o</span> <span class='ocrx_word' id='word_1_932' title='bbox 3448 4983 3669 5046; x_wconf 76' lang='lat' dir='ltr'>iudices,</span> <span class='ocrx_word' id='word_1_933' title='bbox 3707 4987 3935 5049; x_wconf 79' lang='lat' dir='ltr'>placebit.</span> 
     </span>
     <span class='ocr_line' id='line_1_112' title="bbox 2376 5061 3937 5125; baseline -0.002 -4"><span class='ocrx_word' id='word_1_934' title='bbox 2376 5076 2502 5121; x_wconf 83' lang='lat' dir='ltr'>Vera</span> <span class='ocrx_word' id='word_1_935' title='bbox 2525 5073 2686 5120; x_wconf 87' lang='lat' dir='ltr'>autem</span> <span class='ocrx_word' id='word_1_936' title='bbox 2709 5069 2813 5118; x_wconf 78' lang='lat' dir='ltr'>lunc</span> <span class='ocrx_word' id='word_1_937' title='bbox 2840 5080 2870 5115; x_wconf 87' lang='lat' dir='ltr'>a</span> <span class='ocrx_word' id='word_1_938' title='bbox 2893 5078 2970 5114; x_wconf 91' lang='lat' dir='ltr'>me</span> <span class='ocrx_word' id='word_1_939' title='bbox 2999 5064 3120 5123; x_wconf 85' lang='lat' dir='ltr'>dici,</span> <span class='ocrx_word' id='word_1_940' title='bbox 3144 5065 3200 5113; x_wconf 82' lang='lat' dir='ltr'>ut</span> <span class='ocrx_word' id='word_1_941' title='bbox 3221 5061 3356 5112; x_wconf 79' lang='lat' dir='ltr'>vobis</span> <span class='ocrx_word' id='word_1_942' title='bbox 3384 5066 3601 5125; x_wconf 85' lang='lat' dir='ltr'>constet,</span> <span class='ocrx_word' id='word_1_943' title='bbox 3621 5065 3718 5115; x_wconf 76' lang='lat' dir='ltr'>cita</span> <span class='ocrx_word' id='word_1_944' title='bbox 3740 5067 3798 5116; x_wconf 86' lang='lat' dir='ltr'>tu</span> <span class='ocrx_word' id='word_1_945' title='bbox 3816 5065 3937 5118; x_wconf 81' lang='grc'><strong>1111111</strong></span> 
     </span>
    </p>
   </div>
   <div class='ocr_carea' id='block_1_35' title="bbox 2375 5150 3263 5291">
    <p class='ocr_par' dir='ltr' id='par_1_35' title="bbox 2375 5150 3263 5291">
     <span class='ocr_line' id='line_1_113' title="bbox 2375 5150 2536 5200; baseline -0.006 0"><span class='ocrx_word' id='word_1_946' title='bbox 2375 5150 2536 5200; x_wconf 73' lang='lat' dir='ltr'>testes.</span> 
     </span>
     <span class='ocr_line' id='line_1_114' title="bbox 3022 5247 3263 5291; baseline 0.004 -1"><span class='ocrx_word' id='word_1_947' title='bbox 3022 5249 3060 5290; x_wconf 79' lang='lat'>¹1·</span> <span class='ocrx_word' id='word_1_948' title='bbox 3068 5247 3238 5291; x_wconf 66' lang='lat' dir='ltr'>ustas</span> <span class='ocrx_word' id='word_1_949' title='bbox 3245 5271 3263 5291; x_wconf 77' lang='grc' dir='ltr'>ο</span> 
     </span>
    </p>
   </div>
   <div class='ocr_carea' id='block_1_36' title="bbox 2377 5339 3941 5501">
    <p class='ocr_par' dir='ltr' id='par_1_36' title="bbox 2377 5339 3941 5501">
     <span class='ocr_line' id='line_1_115' title="bbox 2444 5339 3939 5408; baseline -0.005 -9"><span class='ocrx_word' id='word_1_950' title='bbox 2444 5353 2544 5399; x_wconf 75' lang='grc'><strong>124.</strong></span> <span class='ocrx_word' id='word_1_951' title='bbox 2572 5347 2665 5398; x_wconf 89' lang='lat' dir='ltr'>Sed</span> <span class='ocrx_word' id='word_1_952' title='bbox 2692 5348 2741 5397; x_wconf 91' lang='lat' dir='ltr'>et</span> <span class='ocrx_word' id='word_1_953' title='bbox 2763 5346 2842 5395; x_wconf 83' lang='lat' dir='ltr'>bic</span> <span class='ocrx_word' id='word_1_954' title='bbox 2865 5345 3007 5406; x_wconf 81' lang='lat' dir='ltr'>tilius,</span> <span class='ocrx_word' id='word_1_955' title='bbox 3026 5356 3171 5407; x_wconf 82' lang='lat' dir='ltr'>quem</span> <span class='ocrx_word' id='word_1_956' title='bbox 3191 5341 3366 5392; x_wconf 84' lang='lat' dir='ltr'>Gallias</span> <span class='ocrx_word' id='word_1_957' title='bbox 3381 5339 3693 5403; x_wconf 79' lang='lat' dir='ltr'>subornavit,</span> <span class='ocrx_word' id='word_1_958' title='bbox 3710 5342 3771 5392; x_wconf 84' lang='lat' dir='ltr'>nt</span> <span class='ocrx_word' id='word_1_959' title='bbox 3790 5355 3939 5408; x_wconf 67' lang='lat' dir='ltr'>supa·</span> 
     </span>
     <span class='ocr_line' id='line_1_116' title="bbox 2377 5427 3941 5501; baseline -0.002 -14"><span class='ocrx_word' id='word_1_960' title='bbox 2377 5437 2560 5501; x_wconf 76' lang='lat' dir='ltr'>Epilyci</span> <span class='ocrx_word' id='word_1_961' title='bbox 2584 5436 2684 5486; x_wconf 83' lang='lat' dir='ltr'>filia</span> <span class='ocrx_word' id='word_1_962' title='bbox 2713 5446 2905 5485; x_wconf 85' lang='lat' dir='ltr'>mecum</span> <span class='ocrx_word' id='word_1_963' title='bbox 2922 5430 3228 5483; x_wconf 80' lang='lat' dir='ltr'>contenderet</span> <span class='ocrx_word' id='word_1_964' title='bbox 3244 5466 3260 5493; x_wconf 89' lang='lat'>,</span> <span class='ocrx_word' id='word_1_965' title='bbox 3283 5427 3470 5492; x_wconf 81' lang='lat' dir='ltr'>videte,</span> <span class='ocrx_word' id='word_1_966' title='bbox 3487 5428 3613 5493; x_wconf 79' lang='lat' dir='ltr'>viri,</span> <span class='ocrx_word' id='word_1_967' title='bbox 3628 5430 3941 5495; x_wconf 47' lang='lat' dir='ltr'>wlassin*</span> 
     </span>
    </p>
   </div>
  </div>
 </body>
</html>
