4467 6542
714 674 823 725 106

705 787 986 868 ἀλλοτρίαν
1015 789 1269 855 οἰκοῦντες
1285 831 1302 860 ,
1338 785 1647 865 συμμάχους
1677 784 1773 864 μὲν
1800 783 1979 865 ὅρκους
2009 787 2099 846 καὶ
2128 812 2249 847 συν-

623 888 677 929 25
705 874 868 946 θήκας
896 874 1118 954 ἔχοντες,
1135 874 1416 951 πολεμίους
1443 873 1497 932 δὲ
1523 872 1638 939 τοὺς
1651 871 1896 953 πρότερον
1925 874 2251 956 ὑπάρχοντας

703 962 794 1020 καὶ
817 961 931 1029 τοὺς
958 963 1172 1028 πολίτας
1200 961 1315 1029 τοὺς
1329 965 1546 1019 ἑαυτῶν.
1636 961 1725 1037 (σε)
1758 960 1900 1019 Ἀλλ’
1927 959 2067 1037 ὅμως
2105 965 2162 1019 οὗ
2190 962 2250 1020 τὸ

703 1050 895 1121 πλῆθος
921 1054 1023 1108 τῶν
1049 1050 1289 1109 ἐναντίων
1315 1048 1621 1129 φοὸηθέντες
1639 1091 1654 1120 ,
1684 1050 1799 1105 ἀλλ’
1823 1051 1875 1107 ἐν
1906 1052 2011 1114 τοῖς
2039 1048 2250 1125 σώμασι

702 1144 808 1201 τοῖς
840 1139 1037 1194 ἑαυτῶν
1072 1135 1513 1206 κινδυνεύσαντες,
1549 1134 1792 1212 τρόπαιον
1828 1133 1922 1211 μὲν
1951 1139 2054 1193 τῶν
2082 1137 2251 1194 πολε-

705 1223 839 1300 μίων
882 1223 1142 1295 ἔστησαν,
1188 1223 1453 1303 μάρτυρας
1489 1222 1544 1280 δὲ
1571 1225 1664 1292 τῆς
1691 1225 1861 1280 αὑτῶν
1890 1225 2075 1300 ἀρετῆς
2102 1222 2251 1300 ἐγγὺς

701 1312 853 1377 ὄντας
874 1313 1021 1369 τοῦδε
1048 1315 1137 1370 τοῦ
1167 1310 1434 1387 μνήματος
1460 1306 1577 1374 τοὺς
1607 1308 2034 1384 Λακεδαιμονίων
2059 1309 2250 1388 τάφους

699 1394 1036 1475 παρέχονται·
1116 1396 1207 1454 καὶ
1245 1395 1347 1475 γάρ
1378 1417 1458 1453 τοι
1499 1393 1734 1471 μεγάλην
1763 1392 1858 1470 μὲν
1903 1394 2019 1452 ἀντὶ
2060 1404 2250 1474 μικρᾶς

702 1481 974 1551 ἀπέδειξαν
998 1481 1093 1553 τὴν
1114 1483 1289 1555 πόλιν,
1315 1486 1634 1558 ὁμονοοῦσαν
1659 1480 1712 1539 δὲ
1738 1481 1851 1538 ἀντὶ
1876 1481 2251 1553 στασιαζούσης
2297 1549 2300 1559 ἡ

617 1584 672 1624 30
700 1568 987 1650 ἀπέφηναν,
1010 1569 1160 1649 τείχη
1184 1568 1238 1628 δὲ
1264 1568 1380 1627 ἀντὶ
1406 1572 1510 1627 τῶν
1538 1566 1911 1646 καθῃρημένων
1936 1567 2245 1639 ἀνέστησαν.

702 1658 794 1733 (st)
828 1659 896 1716 Οἱ
926 1657 981 1714 δὲ
1010 1655 1340 1722 κατελθόντες
1368 1657 1571 1728 αὐτῶν,
1604 1653 1803 1735 ἀδελφὰ
1820 1653 1887 1712 τὰ
1920 1655 2248 1733 βουλεύματα
2288 1666 2289 1683 *

694 1744 800 1809 τοῖς
823 1742 990 1823 ἔργοις
1017 1748 1120 1801 τῶν
1143 1744 1322 1803 ἐνθάδε
1346 1742 1600 1818 κειμένων
1621 1741 1990 1808 ἐπιδεικνύντες
2005 1786 2020 1814 ,
2043 1745 2135 1800 οὐκ
2163 1743 2249 1800 ἐπὶ
2290 1744 2291 1770 ³

694 1829 949 1910 τιμωρίαν
979 1833 1083 1888 τῶν
1125 1832 1345 1909 ἐχθρῶν,
1365 1827 1483 1887 ἀλλ’
1514 1830 1603 1887 ἐπὶ
1644 1828 1904 1908 σωτηρίαν
1930 1832 2022 1899 τῆς
2052 1829 2250 1896 πόλεως

695 1916 1011 1996 ἐτράποντο,
1034 1916 1125 1975 καὶ
1152 1916 1262 1975 οὔτ’
1293 1918 1634 1974 ἐλαττοῦσθαι
1657 1914 1929 1991 δυνάμενοι
1966 1914 2072 1974 οὔτ’
2103 1916 2247 1975 αὐτοὶ

692 2002 848 2061 πλέον
872 2002 1009 2082 ἔχειν
1033 2003 1285 2080 δεόμενοι,
1304 2006 1397 2073 τῆς
1420 2002 1515 2079 μὲν
1539 2005 1708 2060 αὑτῶν
1727 2001 2014 2080 ἐλευθερίας
2035 2002 2126 2061 καὶ
2144 2012 2248 2069 τοῖς

693 2091 1020 2167 βουλομένοις
1033 2088 1287 2149 δουλεύειν
1300 2088 1603 2165 μετέδοσαν,
1623 2093 1716 2159 τῆς
1728 2090 1775 2146 δ’
1792 2088 1997 2147 ἐκείνων
2015 2089 2249 2157 δουλείας

692 2177 839 2235 αὐτοὶ
883 2176 1120 2255 μετέχειν
1136 2179 1230 2235 οὗκ
1268 2176 1518 2247 ἠξίωσαν.
1538 2174 1633 2255 (σε)
1664 2172 1877 2254 Ἔργοις
1908 2173 1962 2233 δὲ
1988 2174 2247 2252 μεγίστοις

614 2281 667 2323 ³⁶
692 2262 782 2320 καὶ
817 2262 1115 2328 καλλίστοις
1143 2263 1562 2340 ἀπελογήσαντο,
1589 2260 1668 2319 ὅτι
1705 2265 1761 2319 οὗ
1790 2262 1951 2342 κακία
1979 2266 2045 2341 τῇ
2077 2266 2246 2321 αὑτῶν

689 2350 797 2409 οὐδ’
830 2352 990 2428 ἀρετῇ
1020 2353 1123 2407 τῶν
1152 2349 1417 2425 πολεμίων
1440 2348 1687 2427 πρότερον
1715 2348 2064 2426 ἐδυστύχησεν
2089 2352 2123 2419 ἡ
2147 2349 2245 2408 πό·
2283 2389 2287 2399 2

689 2438 789 2502 λις·
815 2438 861 2493 εἷ
887 2434 988 2515 γὰρ
1016 2435 1390 2502 στασιάσαντες
1411 2435 1538 2513 πρὸς
1563 2435 1821 2505 ἀλλήλους
1859 2436 1947 2513 βίᾳ
1972 2435 2245 2515 παρόντων

691 2523 1126 2593 Πελοποννησίων
1155 2522 1246 2581 καὶ
1278 2526 1381 2580 τῶν
1406 2522 1579 2579 ἄλλων
1605 2523 1805 2599 ἐχθρῶν
1844 2524 1916 2585 εἷς
1937 2520 2032 2591 τὴν
2075 2525 2243 2580 αὑτῶν

688 2600 787 2667 οἶοί
818 2612 865 2666 τ’
890 2607 1121 2685 ἐγένοντο
1159 2609 1444 2678 κατελθεῖν,
1487 2609 1642 2678 δῆλον
1671 2607 1748 2664 ὅτι
1780 2607 1971 2687 ῥαδίως
2012 2607 2075 2666 ἂν
2115 2612 2235 2686 ὁμο·

687 2701 913 2761 νοοῦντες
931 2698 1176 2771 πολεμεῖν
1201 2696 1370 2761 αὐτοῖς
1393 2693 1652 2751 ἐδύναντο.

774 2802 844 2842 σο.
889 2782 1114 2843 Ἐκεῖνοι
1140 2780 1234 2858 μὲν
1270 2771 1357 2839 οὖν
1387 2781 1471 2838 διὰ
1507 2778 1621 2847 τοὺς
1646 2783 1696 2837 ἐν
1723 2782 1962 2858 Πειραιεῖ
1986 2777 2245 2847 κινδύνους

607 2884 662 2923 40
689 2869 789 2928 ὑπὸ
805 2869 1015 2927 πάντων
1045 2867 1327 2947 ἀνθρώπων
1351 2870 1642 2937 ζηλοῦνται·
1669 2865 1807 2933 ἄξιον
1828 2865 1882 2924 δὲ
1909 2866 1998 2924 καὶ
2026 2865 2139 2933 τοὺς
2163 2866 2245 2935 ξέ-

687 2978 804 3021 νους
841 2955 959 3021 τοὺς
1000 2953 1178 3013 ἐνθάδε
1219 2953 1485 3031 κειμένους
1527 2952 1830 3024 ἐπαινέσαι,
1868 2951 1919 3009 οἳ
1952 2956 2027 3030 τῷ
2050 2953 2239 3023 πλήθει
2291 3004 2292 3027 γ

2291 3044 2292 3047 ’
2331 3032 2548 3093 brennum
2573 3034 2687 3093 qui,
2712 3046 2865 3095 quum
2894 3032 3072 3094 populo
3098 3033 3378 3083 Atheniensi
3418 3035 3603 3085 t'errent
3630 3037 3875 3096 auxilium,

690 3043 1037 3121 βοηθήσαντες
1069 3042 1159 3099 καὶ
1183 3040 1303 3121 περὶ
1327 3045 1418 3112 τῆς
1440 3040 1698 3120 ἡμετέρας
1721 3038 1978 3119 σωτηρίας
2008 3039 2242 3119 μαχόμε-

685 3154 780 3204 νοι,
800 3130 1029 3210 πατρίδα
1050 3127 1146 3201 τὴν
1169 3127 1357 3208 ἀρετὴν
1382 3127 1717 3204 ἡγησάμενοι,
1740 3126 1983 3199 τοιαύτην
2005 3131 2097 3185 τοῦ
2127 3127 2240 3205 βίου

683 3216 926 3288 τελευτὴν
956 3216 1293 3288 ἐποιήσαντο·
1319 3214 1429 3272 ἀνθ’
1457 3206 1528 3272 ῶν
1552 3218 1585 3284 ἡ
1608 3213 1755 3280 πόλις
1778 3213 1962 3280 αὐτοὺς
1979 3212 2070 3271 καὶ
2100 3213 2242 3270 ἐπέν-

686 3307 811 3375 θησε
838 3305 930 3362 καὶ
968 3303 1125 3383 ἔθαψε
1152 3302 1380 3381 δημοσία
1397 3344 1413 3373 ,
1441 3301 1531 3359 καὶ
1556 3300 1746 3359 ἔδωκεν
1776 3300 1915 3379 ἔχειν
1943 3302 2117 3368 αὐτοῖς
2139 3299 2229 3359 τὸν

681 3391 889 3450 ἅπαντα
916 3391 1100 3470 χρόνον
1123 3389 1215 3456 τὰς
1237 3387 1397 3455 αὖτὰς
1419 3388 1574 3466 τιμὰς
1597 3396 1701 3455 τοῖς
1721 3390 1916 3455 ἀστοῖς.

665 3490 670 3496 ’
760 3499 833 3540 ⁶7.
864 3482 936 3537 Οἱ
973 3476 1028 3535 δὲ
1060 3465 1163 3534 νῦν
1178 3475 1527 3553 θαπτόμενοι,
1570 3474 1917 3552 βοηθήσαντες
1948 3473 2235 3554 Κορινθίοις

581 3565 786 3625 mnus
844 3568 1083 3623 παλαιῶν
1160 3563 1322 3646 φίλων
1368 3562 1721 3639 ἀδικουμένοις
1758 3561 1925 3619 καινοὶ
1962 3561 2235 3639 σύμμαχοι

678 3651 965 3732 γενόμενοι,
996 3653 1054 3708 οὗ
1072 3649 1166 3722 τὴν
1184 3649 1345 3720 αὐτὴν
1375 3649 1587 3727 γνώμην
1620 3647 2049 3725 Λακεδαιμονίοις
2075 3647 2229 3726 ἔχον-

678 3763 760 3807 τες
794 3740 883 3816 (οἱ
926 3737 1019 3814 μὲν
1055 3736 1155 3817 γὰρ
1197 3739 1301 3793 τῶν
1342 3738 1550 3814 ἀγαθῶν
1592 3736 1762 3799 αὐτοῖς
1794 3733 2055 3813 ἐφθόνουν,
2102 3735 2151 3789 οἱ
2179 3730 2233 3790 δὲ

679 3824 1045 3903 ἀδικουμένους
1087 3821 1271 3888 αὐτοὺς
1306 3822 1514 3896 ἠλέουν,
1550 3823 1608 3879 οὗ
1637 3825 1729 3891 τῆς
1765 3820 2014 3900 προτέρας
2046 3820 2234 3899 ἔχθρας

679 3914 1028 3991 μεμνημένοι,
1063 3912 1200 3969 ἀλλὰ
1236 3910 1331 3981 τὴν
1358 3915 1630 3989 παροῦσαν
1665 3910 1839 3988 φιλίαν
1877 3908 1997 3988 περὶ
2038 3910 2230 3967 πολλοῦ

678 4000 1009 4076 ποιούμενοι)
1047 4008 1209 4055 πᾶσιν
1239 3996 1523 4075 ἀνθρώποις
1553 3994 1777 4075 φανερὰν
1804 3993 1899 4065 τὴν
1918 3997 2086 4051 αὑτῶν
2114 3997 2230 4073 ἀρε-

610 4107 637 4146 ι
681 4086 776 4158 τὴν
805 4086 1147 4152 ἐπεδείξαντο.
1169 4086 1257 4162 (os)
1286 4083 1623 4157 Ἐτόλμησαν
1640 4079 1739 4159 γὰρ
1769 4081 2001 4157 μεγάλην
2031 4087 2233 4140 ποιοῦν-

679 4198 762 4241 τες
797 4173 893 4243 τὴν
927 4171 1165 4231 Ἑλλάδα
1194 4172 1252 4229 οὖ
1287 4171 1439 4246 μόνον
1479 4168 1608 4247 ὑπὲρ
1638 4172 1728 4238 τῆς
1768 4169 1936 4224 αὑτῶν
1975 4167 2231 4244 σωτηρίας

678 4259 1007 4330 κινδυνεύειν,
1036 4256 1173 4315 ἀλλὰ
1208 4257 1297 4315 καὶ
1326 4255 1453 4334 ὑπὲρ
1489 4259 1581 4325 τῆς
1603 4258 1705 4312 τῶν
1736 4252 2003 4329 πολεμίων
2028 4256 2226 4312 ἐλευθε-

681 4347 792 4430 ρίας
821 4345 1192 4416 ἀποθνήσκειν·
1220 4350 1324 4408 τοῖς
1346 4341 1445 4420 γὰρ
1477 4339 1902 4417 Λακεδαιμονίων
1927 4341 2225 4420 συμμάχοις

678 4434 800 4512 περὶ
821 4438 913 4503 τῆς
941 4433 1146 4490 ἐκείνων
1174 4428 1459 4509 ἐλευθερίας
1487 4428 1765 4507 ἐμάχοντο·
1784 4425 2107 4504 ννικήσαντες
2132 4427 2226 4503 μὲν

677 4520 778 4600 γὰρ
807 4519 1027 4585 ἐκείνους
1050 4523 1151 4576 τῶν
1182 4519 1347 4575 αὐτῶν
1386 4514 1580 4586 ἠξίουν,
1621 4511 2035 4592 δυστυχήσαντες
2063 4512 2116 4571 δὲ
2149 4515 2229 4590 βέ-

679 4607 826 4668 6αιον
846 4607 941 4679 τὴν
961 4603 1197 4664 δουλείαν
1220 4606 1326 4669 τοῖς
1352 4604 1406 4659 ἐν
1430 4606 1495 4681 τῇ
1519 4601 1905 4679 Πελοποννήσῳ
1927 4601 2223 4660 κατέλιπον.

754 4717 824 4755 σο.
870 4694 1119 4760 Ἐκείνοις
1167 4691 1263 4769 μὲν
1313 4681 1399 4748 οὗν
1456 4689 1591 4749 οὕτω
1644 4686 1983 4765 διακειμένοις
2033 4692 2063 4746 ὁ
2118 4688 2227 4766 βίος

600 4801 652 4841 10
675 4784 874 4865 οἰκτρὸς
899 4784 989 4841 καὶ
1012 4787 1040 4840 ὁ
1064 4781 1280 4843 θάνατος
1316 4775 1517 4843 εὐκτός·
1551 4768 1692 4835 οὗτοι
1721 4776 1775 4834 δὲ
1807 4775 1897 4835 καὶ
1925 4778 2111 4843 ζῶντες
2135 4776 2224 4834 καὶ

676 4870 1020 4935 ἀποθανόντες
1053 4866 1310 4938 ζηλωτοί,
1357 4864 1711 4929 παιδευθέντες
1748 4862 1842 4941 μὲν
1889 4865 1941 4921 ἐν
1976 4866 2080 4929 τοῖς
2120 4866 2223 4921 τῶν

673 4958 940 5037 προγόνων
970 4958 1178 5034 ἀγαθοῖς
1196 5001 1212 5033 ,
1251 4954 1430 5034 ἄνδρες
1457 4952 1511 5010 δὲ
1533 4951 1799 5030 γενόμενοι
1824 4950 1919 5021 τήν
1942 4954 1989 5008 τ’
2016 4949 2222 5009 ἐκείνων

676 5045 828 5113 δόξαν
853 5044 1197 5109 διασώσαντες
1219 5043 1308 5101 καὶ
1337 5040 1434 5112 τὴν
1458 5044 1629 5099 αὓτῶν
1650 5037 1837 5119 ἀρετὴν
1863 5037 2221 5105 ἐπιδείξαντες.

679 5131 773 5210 (70)
803 5133 1024 5190 Πολλῶν
1055 5132 1148 5207 μὲν
1180 5131 1280 5209 γὰρ
1305 5129 1396 5187 καὶ
1427 5131 1602 5187 καλῶν
1641 5126 1797 5185 αἴτιοι
1831 5124 2132 5203 γεγένηνται
2158 5130 2222 5204 τῇ

678 5221 879 5278 ἑαυτῶν
912 5218 1154 5297 πατρίδι,
1187 5216 1573 5296 ἐπηνώρθωσαν
1601 5214 1654 5274 δὲ
1683 5214 1751 5272 τὰ
1779 5213 1865 5293 ὑφ’
1893 5210 2079 5291 ἑτέρων
2109 5213 2226 5270 δυσ-

677 5305 995 5385 τυχηθέντα,
1024 5306 1202 5385 πόρρω
1229 5306 1273 5363 δ’
1311 5303 1417 5362 ἀπὸ
1443 5309 1536 5375 τῆς
1563 5306 1731 5361 αὑτῶν
1759 5301 1847 5360 τὸν
1872 5298 2100 5375 πόλεμον
2126 5321 2222 5358 κα·
2272 5347 2275 5352 ,,

598 5412 647 5453 ts
693 5392 971 5465 στέστηαν.
1000 5391 1385 5463 Ἐτελεύτησαν
1417 5390 1472 5450 δὲ
1494 5390 1584 5449 τὸν
1621 5389 1753 5467 βίον,
1776 5385 1954 5466 ὥσπερ
1978 5383 2088 5465 χρὴ
2113 5383 2225 5451 τοὺς

1908 662 2289 744 [Artior]
2335 666 2790 731 Enrrsolox.

3620 679 3883 764 (ns—rai)

2341 800 2392 849 in
2418 813 2505 849 sua
2544 802 2696 863 patria
2735 802 2861 852 mori
2903 816 3051 866 quam
3094 804 3146 855 in
3188 807 3317 860 terra
3353 809 3521 862 vivere
3558 812 3747 880 auena,
3777 819 3895 881 iun·

2341 898 2508 945 menta
2538 896 2733 958 quidem
2774 899 2825 948 ct
2854 901 2995 960 pacta
3036 899 3266 953 hahentes
3302 903 3395 954 sibi
3432 906 3715 973 auxiliaria,
3750 912 3899 966 hosta

2343 1006 2456 1042 vero
2507 995 2613 1043 tum
2654 1008 2778 1056 quos
2813 996 3041 1058 antehac,
3063 1000 3172 1048 tum
3200 1012 3315 1051 suos
3352 1002 3569 1065 ipsorum
3610 1007 3760 1061 cives.
3805 1013 3897 1075 (σε)

2341 1088 2562 1135 Attamen
2598 1087 2810 1137 hostium
2831 1090 3141 1142 multitudine
3178 1106 3485 1158 nequaquam
3521 1103 3797 1168 perterriti,
3822 1110 3901 1160 ssd

2338 1195 2426 1231 sua
2458 1185 2614 1246 capita
2643 1186 2868 1247 periculis
2897 1186 3219 1251 objectantes,
3257 1192 3499 1255 unpoeum
3541 1198 3818 1251 minant
3842 1202 3900 1254 de

2341 1277 2580 1339 hostibus,
2613 1280 2851 1342 testesque
2883 1293 2985 1330 suae
3002 1282 3297 1338 fortitudinis
3335 1287 3815 1344 Laoedmomnm
3830 1297 3900 1346 tu.

2339 1374 2496 1424 mulos
2527 1375 2642 1425 huic
2676 1381 2992 1428 monumento
3030 1380 3214 1433 vicinos
3253 1383 3572 1449 renquerunt.
3653 1391 3899 1446 civitatem

2338 1473 2502 1535 itaque
2520 1487 2583 1522 ex
2600 1487 2747 1537 parva
2767 1477 2984 1527 fecerunt
3006 1491 3258 1542 magnam,
3278 1495 3339 1531 ex
3357 1481 3580 1536 discorde
3596 1489 3898 1553 commem,

2339 1584 2401 1619 ex
2432 1571 2687 1622 immunita
2706 1572 2867 1623 denuo
2896 1577 3141 1627 moenibus
3162 1579 3389 1631 cinctam.
3455 1583 3560 1647 (6⁴)
3590 1587 3673 1636 Ex
3692 1587 3803 1650 ipsis
3820 1602 3897 1640 au·

2339 1669 2436 1717 tem
2455 1669 2538 1731 qui
2572 1670 2622 1720 in
2646 1670 2818 1721 urbem
2840 1672 3049 1736 rediere,
3066 1676 3262 1726 consilia
3287 1679 3532 1742 capientes
3562 1695 3737 1734 eorum
3764 1689 3901 1749 gatis

2337 1765 2423 1827 qui
2457 1766 2537 1814 hic
2556 1766 2721 1826 jacent
2749 1774 3086 1835 consentanea,
3105 1786 3204 1823 non
3221 1774 3283 1824 ad
3304 1776 3541 1828 ultionem
3575 1779 3897 1847 inimicorum,

2337 1857 2420 1906 sed
2440 1858 2505 1907 ad
2534 1859 2740 1911 salutem
2758 1863 2925 1923 patriae
2957 1867 3173 1915 conversi
3198 1869 3328 1916 sunt.
3393 1870 3493 1928 Qui
3515 1884 3671 1934 quum
3693 1875 3797 1926 aliis
3814 1890 3898 1930 uec

2336 1957 2582 2008 inferiores
2612 1972 2715 2009 esse
2754 1960 2963 2024 vellent,
2996 1973 3087 2012 noc
3123 1962 3417 2027 superiores,
3467 1979 3611 2018 mam
3635 1968 3896 2024 libat-tem

2336 2050 2480 2100 etiam
2518 2051 2576 2101 iis
2606 2052 2939 2114 impertierunt
2971 2054 3059 2116 qui
3102 2055 3280 2105 servire
3313 2058 3470 2118 parati
3513 2062 3685 2123 erant,
3720 2063 3919 2127 ipsique

2335 2142 2527 2193 illorum
2568 2145 2814 2195 servitutis
2861 2146 3117 2208 participes
3151 2160 3253 2197 esse
3291 2148 3695 2212 dedignabatur.
3801 2157 3907 2218 (σε)

2335 2237 2556 2286 Maximis
2593 2239 2756 2287 autem
2797 2239 2846 2288 et
2881 2239 3214 2301 pulcherrimis
3240 2240 3380 2291 sactis
3400 2243 3737 2305 probaverunt
3769 2247 3921 2310 quo«.

2293 2328 2294 2339 ¹
2334 2340 2490 2389 neque
2520 2328 2582 2377 ob
2613 2342 2749 2378 suam
2778 2331 3046 2381 socordiam
3062 2368 3079 2394 ,
3119 2345 3276 2394 neque
3304 2332 3371 2381 ob
3406 2332 3620 2384 bostium
3654 2337 3901 2388 fortitudi-

2333 2434 2445 2470 nem
2478 2422 2623 2471 rebus
2657 2422 2869 2474 adversis
2887 2437 2972 2473 usa
2990 2426 3135 2475 suerit
3151 2426 3335 2476 civitas.
3364 2428 3414 2477 si
3441 2429 3572 2478 enim
3592 2430 3679 2492 ipsi
3702 2430 3825 2481 inter
3841 2444 3903 2482 sc

2333 2514 2611 2566 dissidentes
2626 2553 2641 2578 ,
2660 2517 3011 2579 Peloponnesiis
3026 2519 3226 2581 aliisque
3254 2520 3475 2571 hostibus
3493 2521 3660 2573 invitis
3692 2523 3889 2574 reditum

2332 2610 2423 2659 sibi
2459 2624 2508 2659 in
2528 2611 2733 2672 patriam
2771 2611 2955 2673 aperire
2992 2614 3281 2674 potuerunt,
3306 2612 3526 2663 futurum
3554 2615 3707 2679 liquet
3736 2619 3819 2681 ut,
3846 2618 3885 2667 si

2334 2705 2531 2754 fuissent
2553 2704 2837 2767 concordeS,
2859 2705 3020 2755 hostes
3051 2706 3188 2755 facile
3205 2708 3475 2768 potuissent
3490 2708 3749 2761 debellare.

2394 2804 2471 2846 no.
2499 2798 2572 2848 llli
2601 2798 2746 2859 igitur
2763 2799 2825 2847 ob
2834 2798 3045 2861 pericula
3065 2812 3177 2861 quae
3199 2800 3249 2848 in
3268 2801 3449 2852 Piraeeo
3471 2800 3753 2864 subierunt,
3769 2815 3877 2852 ininb

2333 2877 2509 2925 talibus
2538 2877 2762 2926 omnibus
2786 2880 2900 2925 sunt
2926 2876 3248 2927 admirationi.
3313 2879 3557 2929 Convenit
3588 2883 3754 2930 autem
3772 2883 3876 2931 utet

2331 2956 2687 3018 peregrinorum
2712 2956 2791 3004 blc
2817 2955 3122 3005 conditorum
3157 2958 3439 3007 memoriam
3465 2970 3581 3008 cum
3602 2959 3746 3010 laude
3768 2960 3874 3010 cele·

2331 3112 2380 3159 et
2414 3123 2501 3171 pro
2523 3112 2686 3158 nostra
2704 3110 2857 3158 salute
2881 3111 3234 3171 pugnarent,et
3265 3110 3475 3172 patriam
3499 3112 3731 3164 virtutem
3744 3114 3877 3164 babe-

2330 3190 2455 3248 rent,
2472 3190 2602 3236 hunc
2614 3187 2727 3236 vitae
2742 3188 2927 3236 exitum
2945 3189 3059 3236 sunt
3076 3186 3250 3236 sortiti.
3293 3190 3600 3251 Quapropter
3611 3192 3774 3239 nostra
3788 3190 3877 3240 hnc

2332 3265 2600 3327 respublica
2622 3266 2747 3326 ipsos
2778 3263 2968 3325 publice
2991 3265 3042 3312 et
3077 3262 3226 3325 lugeri
3270 3265 3320 3313 et
3338 3264 3527 3326 sepeliri
3552 3266 3733 3327 voluit,
3762 3266 3877 3329 ipsis-

2327 3356 2422 3405 que
2447 3342 2615 3404 largita
2649 3342 2721 3390 est
2758 3340 2809 3389 in
2824 3352 2967 3390 omne
3000 3352 3163 3389 aevum
3186 3339 3379 3391 eosdem
3422 3352 3537 3391 cum
3575 3343 3765 3394 civibus
3793 3342 3879 3394 ab

2331 3416 2611 3549 ὴοὲξῖαέυἰ
2643 3491 2807 3539 autem
2847 3502 2979 3538 nunc
3014 3489 3298 3552 humantur,
3329 3489 3596 3541 Corinthiis
3627 3491 3880 3554 priscorum

2325 3580 2592 3628 amicorum
2615 3578 2788 3639 injuria
2821 3578 2947 3627 lzaeis
2976 3578 3197 3627 auxiliati
3232 3579 3376 3638 sunt,
3404 3580 3456 3628 et
3490 3578 3635 3642 longe
3660 3579 3757 3629 alio
3781 3590 3879 3642 erga

2325 3669 2452 3730 ipsos
2479 3666 2674 3716 suerunt
2711 3666 2871 3714 animo
2897 3677 3045 3728 quam
3081 3664 3448 3714 Lacedaemonii.
3514 3666 3579 3715 ni
3610 3666 3741 3716 enim
3762 3679 3878 3715 com-

2325 3755 2480 3805 modis
2497 3755 2708 3817 ipsorum
2735 3752 3040 3814 invidebant;
3071 3754 3221 3802 nostri
3258 3765 3373 3802 vero
3396 3752 3684 3804 eorumdem
3719 3752 3878 3817 inimi:

2323 3843 2606 3892 affectorum
2645 3840 3013 3901 miserabantur,
3043 3852 3101 3888 ac
3118 3839 3276 3888 omnis
3302 3836 3568 3889 inimicitias
3594 3840 3767 3904 prioris
3783 3852 3878 3889 mc-

2322 3930 2476 3979 moria
2493 3929 2746 3980 obliterata
2762 3964 2776 3989 ,
2804 3926 3051 3989 proesentis
3067 3926 3292 3975 amicitia}
3311 3926 3457 3975 fidem
3486 3926 3558 3975 ita
3577 3928 3739 3990 magrii
3752 3925 3879 3976 heie-

2322 4018 2470 4079 bant,
2486 4019 2541 4066 ut
2558 4016 2780 4065 omnibus
2805 4013 2992 4077 populis
3021 4013 3222 4063 virtutis
3248 4025 3350 4063 sum
3373 4015 3710 4076 praestantiam
3736 4015 3876 4064 testa·

2320 4109 2426 4155 tam
2445 4104 2740 4167 reliquerint.
2808 4103 2904 4164 (68)
2939 4105 3045 4152 Non
3081 4100 3365 4150 dubitarunt
3392 4101 3554 4163 enim,
3574 4100 3638 4152 de
3658 4100 3879 4164 amplitu-

2321 4192 2430 4241 dine
2449 4191 2649 4242 Graeciae
2674 4190 2946 4241 laborantes
2960 4225 2976 4250 ,
3003 4201 3101 4238 non
3118 4187 3276 4238 solum
3290 4187 3460 4238 salutis
3478 4200 3588 4238 suae
3602 4200 3750 4239 causa
3766 4186 3880 4251 peri·

2322 4279 2504 4340 clitari,
2525 4292 2694 4328 verum
2730 4277 2875 4327 etiam
2918 4277 3045 4325 mori
3084 4289 3174 4339 pro
3217 4275 3440 4325 libertate
3479 4275 3878 4346 adversariorum.

2319 4360 2564 4425 Siquidem
2592 4360 2761 4409 contra
2786 4357 3265 4407 Laoedaemoniorum
3302 4355 3458 4406 socios
3491 4369 3584 4419 pro
3600 4355 3881 4419 ipsorumli·

2267 4448 2268 4455 ’
2319 4446 2506 4495 bertate
2525 4445 2592 4493 ita
2607 4442 2904 4506 pugnabant,
2925 4444 3000 4502 ut,
3032 4441 3072 4490 si
3106 4440 3357 4502 vicissent,
3405 4438 3579 4489 eodem
3596 4452 3765 4490 secum
3779 4439 3882 4502 inre

2318 4530 2431 4592 ipsis
2488 4529 2564 4577 rui
2591 4527 2782 4588 liceret3
2825 4526 2904 4575 sin
2929 4525 3093 4572 autem
3129 4522 3246 4579 victi
3281 4523 3471 4583 essent,
3507 4520 3879 4572 timum-uvi-

2318 4614 2423 4661 tute
2449 4610 2778 4673 Peloponnesii
2797 4607 3190 4671 astringerentur.

2379 4707 2458 4751 69.
2492 4698 2592 4749 lllis
2612 4698 2794 4747 scilicet
2824 4697 2916 4746 ista
2939 4696 3070 4744 sorte
3100 4691 3348 4742 utentibus
3368 4692 3472 4741 vita
3494 4692 3569 4741 est
3592 4687 3879 4741 miserabilis

2316 4790 2367 4838 et
2391 4800 2521 4837 mors
2538 4785 2759 4848 optabilis
2781 4804 2792 4833 :
2819 4782 2972 4833 nostri
2996 4794 3113 4831 vero
3129 4782 3181 4831 et
3201 4779 3302 4829 vivi
3328 4781 3380 4829 et
3405 4779 3591 4829 mortui
3620 4778 3745 4828 beati
3776 4776 3875 4826 cxl·

2315 4877 2589 4935 stimantur,
2608 4873 2739 4937 quod
2760 4872 2811 4922 in
2828 4870 3071 4936 proeclaris
3087 4868 3329 4931 majorum
3344 4866 3532 4930 legibus
3548 4865 3756 4917 instituti
3774 4865 3875 4913 iue-

2316 4967 2442 5027 rint;
2471 4963 2604 5027 quod
2625 4963 2714 5011 viri
2734 4962 2847 5011 iacti
2875 4963 2980 5009 tum
3007 4958 3202 5007 illorum
3225 4954 3425 5019 gloriam
3445 4953 3685 5004 servarint
3701 4949 3873 5002 heolu-

2317 5069 2475 5115 mem,
2502 5056 2608 5103 tum
2643 5063 2782 5100 suam
2820 5050 3034 5111 ipsorum
3060 5045 3293 5094 virtutem
3325 5041 3627 5092 ostenderint
3658 5038 3870 5105 poeterb.

2272 5141 2273 5145 ’
2313 5144 2413 5207 (70)
2440 5141 2604 5193 Multis
2618 5139 2745 5189 enim
2759 5134 3114 5200 splendidisque
3132 5130 3387 5183 decoribus
3399 5129 3605 5194 patriam
3624 5126 3921 5186 ornarint..

2316 5228 2492 5278 multas
2521 5225 2725 5276 aliorum
2759 5218 3079 5271 emendarunt
3100 5229 3177 5267 res
3198 5214 3453 5272 adversas,
3484 5212 3629 5274 longe
3646 5224 3678 5260 a
3696 5208 3903 5259 tiniliun

2313 5303 2679 5356 summoverunt
2702 5298 2882 5349 bellum
2898 5334 2912 5357 ,
2931 5297 2982 5347 et
3007 5295 3121 5343 vitoe
3138 5306 3253 5344 eum
3273 5291 3420 5342 tinem
3444 5289 3776 5353 lrnposuerunt
3790 5279 3947 5348 qu!

2316 5390 2444 5439 viros
2465 5387 2612 5438 sortes
2623 5384 2762 5434 decet
2774 5420 2788 5446 ‚
2809 5380 2977 5446 patriae
2990 5377 3186 5444 quidem
3203 5371 3519 5426 institutionis
3538 5381 3639 5422 sue
3656 5365 3941 5420 meced-
