4467 6542
690 808 755 868 ἂν
781 806 968 887 ἑτέρων
990 803 1090 862 ἔδει
1108 822 1190 859 σοι
1218 796 1514 878 μαρτύρων·
1542 797 1678 858 οὕτω
1703 796 1805 878 γὰρ
1831 797 1895 857 ἄν
1917 821 1998 858 σοι
2025 800 2240 878 συνῄδε-

690 919 788 956 σαν
830 896 999 965 ἃληθῆ
1044 888 1262 966 λέγοντι,
1306 884 1455 964 οἵπερ
1498 885 1589 945 καὶ
1626 884 1977 963 διαγινώσκειν
2021 886 2237 965 ἔμελλον

689 987 810 1063 περὶ
838 986 926 1040 τοῦ
955 977 1282 1058 πράγματος.

612 1085 666 1125 2⁰
687 1073 732 1130 εἰ
757 1072 853 1148 μὲν
868 1066 1163 1147 παρέσχετο
1181 1062 1462 1142 μάρτυρας,
1488 1060 1683 1127 τούτοις
1705 1059 1768 1118 ἂν
1786 1060 1930 1132 ἠξίου
1956 1062 2235 1133 πιστεύειν,

688 1156 868 1228 ἐπειδὴ
890 1156 944 1214 δὲ
962 1156 1057 1213 οὗκ
1086 1150 1212 1209 εἰσὶν
1247 1151 1412 1227 αὐτῷ,
1444 1148 1558 1224 ἐμοὶ
1576 1148 1666 1205 καὶ
1693 1148 1885 1221 ταύτην
1917 1150 2106 1225 ζημίαν
2130 1148 2239 1208 οἴε-

685 1269 772 1304 ται
800 1247 993 1323 γρῆναι
1032 1236 1286 1316 γενέσθαι.
1391 1233 1499 1293 Καὶ
1530 1233 1712 1293 τούτου
1754 1234 1848 1312 μὲν
1882 1237 1940 1293 οὗ
1968 1235 2235 1312 θαυμάζω·

686 1334 747 1391 οὗ
767 1310 870 1410 γάρ
888 1328 1054 1399 δήπου
1082 1324 1412 1403 συκοφαντῶν
1436 1321 1549 1398 ἅμα
1576 1322 1818 1381 τοιούτων
1841 1346 1899 1400 γε
1915 1323 2080 1401 λόγων
2105 1326 2240 1381 ἀπο-

689 1418 835 1498 ρήσει
883 1414 973 1474 καὶ
1013 1409 1304 1490 μαρτύρων·
1350 1412 1485 1485 ὑμᾶς
1529 1409 1574 1468 δ’
1624 1411 1717 1468 οὐκ
1766 1409 1892 1478 ἀξιῶ
1939 1410 2034 1481 τὴν
2077 1409 2237 1480 αὐτὴν

686 1505 853 1563 τούτω
878 1500 1088 1580 γνώμην
1117 1496 1277 1575 ἔχειν.
1303 1497 1390 1575 (αι)
1422 1495 1737 1554 Ἐπίστασθε
1764 1496 1864 1576 γὰρ
1897 1501 1949 1553 ἐν
1976 1499 2051 1576 τῷ
2076 1497 2239 1576 πεδίῳ

687 1563 882 1656 πολλδς
905 1587 1085 1666 μορίας
1112 1583 1268 1649 οὔσας
1294 1583 1383 1641 καὶ
1411 1582 1667 1662 πυρκαϊὰς
1694 1584 1747 1640 ἐν
1790 1592 1896 1649 τοῖς
1930 1583 2104 1649 ἄλλοις
2130 1588 2237 1649 τοῖς

692 1680 832 1754 ἐμοῖς
857 1674 1084 1755 χωρίοις,
1125 1670 1185 1736 ἅς
1201 1715 1218 1746 ,
1245 1668 1389 1748 εἴπερ
1415 1668 1718 1745 ἐπεθύμουν,
1750 1670 1881 1729 πολὺ
1906 1661 1971 1741 ἦν
2004 1671 2238 1750 ἀσφαλέ-

689 1786 867 1844 στερον
901 1761 992 1819 καὶ
1026 1759 1276 1840 ἀφανίσαι
1304 1758 1395 1816 καὶ
1432 1756 1650 1836 ἐκκόψαι
1689 1757 1781 1816 καὶ
1813 1756 2234 1837 ἐπεργάσασθαι,

612 1869 664 1907 25
692 1852 896 1930 ὅσῳπερ
925 1842 1078 1920 ἧττον
1105 1845 1165 1904 τὸ
1189 1845 1422 1921 ἀδίκημα
1448 1846 1656 1903 πολλῶν
1689 1847 1853 1903 οὐσῶν
1877 1844 2062 1920 ἔμελλε
2083 1847 2237 1916 δῆλον

692 1911 918 1997 ἔσέσθαι.
944 1937 1035 2012 (aa)
1064 1936 1175 1994 Νῦν
1205 1935 1251 1990 δ’
1268 1931 1427 1997 οὕτως
1444 1928 1603 1997 αὐτὰς
1631 1931 1749 2009 περὶ
1772 1932 1965 1990 πολλοῦ
1988 1936 2237 2006 ποιοῦμαι

689 2025 866 2102 ὥσπερ
885 2021 975 2081 καὶ
991 2020 1083 2090 τὴν
1104 2019 1268 2090 ἄλλην
1288 2016 1486 2088 οὐσίαν,
1496 2016 1779 2095 ἡγούμενος
1791 2016 1908 2095 περὶ
1929 2015 2233 2096 ἀμφοτέρων

689 2110 886 2170 τούτων
907 2100 1038 2167 εἶναί
1055 2129 1145 2183 μοι
1159 2105 1247 2165 τὸν
1263 2104 1515 2165 κίνδυνον.
1545 2102 1743 2170 Αὐτοὺς
1764 2104 1934 2161 τοίνυν
1956 2107 2091 2177 ὑμᾶς
2115 2103 2234 2161 τού-

689 2222 792 2257 των
819 2197 1085 2275 μάρτυρας
1098 2191 1388 2271 παρέξομαι
1403 2237 1418 2262 ,
1440 2189 1871 2267 ἐπιμελουμένους
1894 2191 1989 2267 μὲν
2012 2190 2235 2249 ἑκάστου

690 2283 870 2359 μηνός,
899 2281 1169 2360 γνώμονας
1195 2276 1249 2335 δὲ
1275 2278 1573 2352 πέμποντας
1607 2279 1724 2335 καθ’
1753 2276 1969 2335 ἕκαστον
1986 2277 2235 2336 ἐνιαυτόν·

688 2362 761 2428 ὧν
805 2370 966 2435 οὐδεὶς
1005 2366 1207 2426 πώποτ’
1235 2364 1517 2440 ἐζημίωσεν
1550 2366 1620 2428 ὡς
1659 2363 1995 2443 ἐργαζόμενον
2023 2362 2088 2422 τὰ
2115 2364 2235 2444 περὶ

609 2474 665 2513 80
690 2457 782 2524 τὰς
805 2456 988 2535 μορίας
1009 2452 1199 2534 χωρία.
1231 2451 1319 2528 (m)
1342 2450 1528 2511 Καίτοι
1556 2452 1614 2508 οὗ
1638 2450 1804 2520 δήπου
1824 2449 1915 2517 τὰς
1936 2450 2029 2526 μὲν
2050 2451 2235 2530 μικρὰς

692 2543 881 2618 ζημίας
905 2540 1039 2599 οὕτω
1073 2538 1193 2618 περὶ
1233 2540 1427 2596 πολλοῦ
1454 2541 1726 2613 ποιοῦμαι,
1758 2536 1875 2603 τοὺς
1915 2537 1968 2595 δὲ
2003 2538 2120 2617 περὶ
2146 2545 2234 2597 τοῦ

689 2628 930 2705 σώματος
973 2626 1231 2691 κινδύνους
1279 2622 1415 2682 οὕτω
1457 2623 1575 2703 περὶ
1626 2623 1828 2691 οὐδενὸς
1869 2628 2114 2700 ἡγοῦμαι·
2146 2624 2238 2682 καὶ

686 2716 779 2783 τὰς
807 2714 901 2792 μὲν
925 2712 1118 2779 πολλὰς
1148 2711 1346 2789 ἐλαίας,
1377 2713 1448 2777 εἰς
1477 2711 1536 2778 ἃς
1568 2710 1682 2782 ἐξῆν
1709 2714 1910 2786 μᾶλλον
1937 2709 2237 2791 ἐξαμαρτά-

686 2825 808 2875 νειν,
848 2801 982 2861 οὕτω
1026 2800 1321 2881 θεραπεύων
1369 2795 1647 2877 φαίνομαι,
1686 2798 1782 2868 τὴν
1814 2795 1870 2854 δὲ
1918 2796 2121 2875 μορίαν,
2170 2797 2235 2868 ἣν
2275 2832 2276 2859 ι

686 2892 781 2968 οὐχ
827 2881 931 2947 οἶόν
960 2888 1006 2946 τ’
1047 2879 1112 2958 ἦν
1146 2889 1322 2944 λαθεῖν
1351 2884 1652 2963 ἐξορύξαντα
1672 2929 1690 2961 ,
1719 2886 1790 2951 ὣς
1830 2884 2090 2992 ἀφανίζων
2125 2881 2235 2942 νυνὶ

687 2956 948 3056 κρίνομαι.
1036 2977 1124 3052 (27)
1159 2972 1388 3053 Πότερον
1418 2970 1471 3029 δέ
1503 2995 1590 3048 μοι
1613 2975 1842 3050 κρεῖττον
1865 2994 1948 3042 ην,
1969 2960 2013 3028 ὦ
2048 2970 2232 3049 βουλή,

688 3061 1041 3141 δημοκρατίας
1068 3059 1223 3131 οὔσης
1249 3058 1571 3138 παρανομεῖν
1603 3056 1638 3127 ἢ
1669 3058 1755 3116 ἐπὶ
1795 3060 1898 3115 τῶν
1924 3057 2233 3137 τριάκοντα;

610 3168 662 3206 aa
693 3150 801 3210 Καὶ
828 3152 885 3207 οὗ
914 3147 1052 3226 λέγω
1073 3150 1142 3214 ὡς
1168 3146 1284 3205 τότε
1314 3144 1588 3222 δυνάμενος
1617 3143 1736 3216 ἢὼς
1757 3150 1844 3204 νῦν
1866 3144 2235 3222 διαὸεὸλημέ-

686 3259 795 3309 νος,
819 3238 935 3295 ἀλλ’
959 3238 1029 3302 ὡς
1055 3238 1127 3315 τῷ
1154 3232 1450 3314 βουλομένῳ
1473 3233 1587 3292 τότε
1618 3234 1816 3307 μᾶλλον
1840 3232 1956 3303 ἐξῆν
1981 3234 2173 3291 ἀδικεῖν
2198 3234 2232 3305 ἢ

687 3325 813 3383 νυνί.
830 3320 975 3398 Ἐγὼ
1001 3321 1165 3379 τοίνυν
1185 3320 1293 3378 οὐδ’
1315 3321 1368 3376 ἐν
1391 3321 1567 3399 ἐκείνῳ
1590 3321 1664 3399 τῷ
1682 3318 1852 3399 χρόνῳ
1866 3317 1981 3376 οὔτε
2004 3326 2233 3378 τοιοῦτον

686 3409 803 3468 οὔτε
832 3410 961 3468 ἄλλο
979 3408 1121 3466 οὐδὲν
1144 3406 1302 3466 κακὸν
1331 3406 1552 3476 ποιήσας
1577 3406 1891 3486 φανήσομαι.
1923 3407 2013 3486 (aa)
2042 3411 2166 3474 Πῶς
2190 3407 2233 3465 δ’

689 3498 750 3556 ἄν
771 3541 787 3570 ,
822 3499 866 3556 εἶ
905 3496 979 3572 μὴ
1009 3496 1214 3553 πάντων
1254 3493 1536 3573 ἀνθρώπων
1572 3495 1785 3570 ἐμαυτῷ
1821 3494 2233 3561 κακονούστατος
2285 3547 2288 3553 ,,

685 3576 772 3661 ἦν,
798 3587 942 3660 ὑμῶν
973 3581 1132 3648 οὕτως
1171 3578 1594 3657 ἐπιμελουμένων
1623 3582 1684 3638 ἐκ
1715 3577 1900 3637 τούτου
1925 3579 2016 3651 τὴν
2048 3582 2233 3662 μορίαν

686 3671 944 3753 ἀφανίζειν
985 3668 1298 3749 ἐπεχείρησα
1342 3674 1432 3725 τοῦ
1458 3667 1679 3748 χωρίου,
1729 3669 1781 3725 ἐν
1816 3659 1860 3725 ‹3›
1907 3667 2108 3746 δένδρον
2139 3668 2232 3745 μὲν

685 3757 800 3816 οὐδὲ
821 3757 871 3815 ἔν
903 3759 1034 3832 ἐστι,
1066 3764 1187 3832 μιᾶς
1215 3753 1271 3813 δὲ
1302 3754 1477 3822 ἐλαίας
1502 3757 1682 3827 σηκός,
1711 3757 1780 3820 ὡς
1808 3776 1835 3812 ο
1868 3754 1950 3821 τός
1980 3780 2134 3835 φησιν
2159 3748 2235 3814 εἶ-

608 3865 661 3905 εο
686 3869 787 3917 ναι,
816 3843 1058 3903 κυκλόθεν
1089 3843 1142 3901 δὲ
1167 3842 1278 3909 ὁδὸς
1307 3842 1568 3923 περιέχει,
1594 3840 1959 3923 ἀμφοτέρωθεν
1988 3843 2041 3901 δὲ
2069 3843 2233 3922 γείτο·

686 3956 766 3998 νες
800 3935 1161 4010 περιοικοῦσιν,
1191 3930 1405 4009 ἄερκτον
1430 3930 1484 3987 δὲ
1509 3930 1597 3987 καὶ
1622 3930 1945 4009 πανταχόθεν
1974 3931 2230 3990 κάτοπτόν

686 4021 858 4096 ἐστιν,
889 4016 1024 4075 ὥστε
1051 4018 1127 4082 τίς
1151 4015 1214 4075 ἃν
1252 4016 1618 4092 ἀπετόλμησε,
1659 4016 1855 4075 τούτων
1884 4017 2042 4083 οὕτως
2077 4018 2230 4097 ἐχόν·

684 4130 811 4182 των,
859 4107 1030 4183 ἐπιχει
1062 4107 1190 4173 ἧσαι
1236 4101 1450 4183 τοιούτῳ
1503 4104 1804 4182 πράγματι,
1846 4106 1933 4183 (2⁹)
1965 4107 2141 4164 Δεινὸν
2177 4106 2233 4165 δέ

687 4214 778 4269 μοι
821 4194 960 4250 δοκεῖ
1005 4213 1026 4246 ε
1050 4214 1134 4247 ναι
1176 4193 1310 4266 ὑμᾶς
1359 4189 1478 4265 μέν,
1510 4182 1584 4255 οἷς
1626 4190 1725 4248 ὑπὸ
1774 4192 2104 4261 τῆς“πο’λεως
2145 4192 2231 4250 τὸν

686 4279 895 4338 ἅπαντα
924 4277 1109 4357 χρόνον
1134 4275 1515 4356 προστέτακται
1541 4279 1645 4334 τῶν
1675 4279 1870 4356 μοριῶν
1898 4280 2084 4337 ἐλαιῶν
2118 4282 2231 4338 ἐπι-

687 4346 989 4443 μελεῖσθαί,
1030 4364 1152 4441 μήθ’
1178 4366 1249 4429 ὡς
1284 4364 1689 4444 ἐπεργαζόμενον
1725 4363 1938 4423 πώποτε
1969 4369 2230 4442 ζημιῶσαι

686 4453 809 4531 μήθ’
835 4458 905 4520 ὡς
940 4451 1263 4534 ἀφανίσαντα
1287 4453 1356 4517 εἷς
1382 4451 1613 4510 κίνδυνον
1655 4455 2008 4525 καταστῆσαι,
2053 4460 2228 4514 τοῦτον

590 4548 608 4595 t
627 4542 755 4617 113’,
785 4540 838 4607 ὃς
863 4540 978 4599 οὔτε
1018 4541 1261 4617 γεωργῶν
1296 4537 1447 4616 ἐγγὺς
1490 4538 1736 4617 τυγχάνει
1778 4539 1883 4598 οὔτ’
1912 4542 2230 4616 ἐπιμελητὴς

683 4628 939 4708 ᾑρημένος
985 4627 1096 4685 οὗθ’
1125 4625 1336 4697 ἡλικίαν
1382 4625 1515 4704 ἔχων
1544 4624 1735 4684 εἰδέναι
1776 4627 2025 4707 περὶτῶν
2053 4629 2227 4687 τοιού-
2267 4659 2270 4668 „

683 4739 812 4790 των,
849 4715 1152 4795 ἀπογράψαι
1177 4736 1242 4791 με
1268 4713 1451 4794 μορίαν
1479 4713 1761 4792 ἀφανίζειν.

759 4823 831 4861 aa.
871 4801 1016 4881 Ἐγὼ
1039 4802 1204 4861 τοίνυν
1230 4799 1414 4876 δέομαι
1444 4804 1587 4877 ὑμῶν
1616 4799 1691 4877 μὴ
1719 4799 1838 4868 τοὺς
1863 4800 2118 4869 τοιούτους
2139 4800 2226 4861 λό-
2276 4803 2279 4809 U

682 4912 802 4965 γους
826 4889 1152 4970 πιστοτέρους
1178 4888 1478 4966 ἡγήσασθαι
1506 4891 1609 4946 τῶν
1637 4886 1817 4969 ἔργων,
1847 4890 1978 4965 μηδὲ
2009 4889 2127 4970 περὶ
2156 4880 2227 4948 ῶν

684 4978 828 5035 αὐτοὶ
857 4976 1087 5050 σύνιστε,
1108 4976 1253 5035 ταῦτ’
1278 4974 1593 5055 ἀνασχέσθαι
1620 4979 1723 5034 τῶν
1753 4978 1894 5052 ἐμῶν
1924 4978 2120 5057 ἐχθρῶν
2141 4979 2226 5035 λε·

605 5081 633 5118 ι
679 5064 891 5209 {grem
913 5064 1321 5208 ἐζθυξῖουμὲνους,
1324 5067 1430 5211 12³<ss=
1439 5066 1648 5210 ἐκὰτῦνἂι
1649 5061 1966 5211 εέίρῖμζνυζέτ
1952 5065 2120 5210 κεῖὶαέκ
2136 5069 2228 5211 Ξνῆἒ

681 5154 1295 5320 ἅπαῖῗτάτῖτρδθιῗγῖότέῑδζ
1335 5174 1627 5312 wrm-{ngat
1656 5176 1734 5306 ὡς
1754 5174 1872 5298 fitz-*op
1896 5245 1987 5310 τῆς
2030 5176 2228 5306 giem<

681 5325 1067 5403 ἠναγκαζόμην,
1082 5326 1169 5384 καὶ
1184 5330 1506 5406 τριηραρχῶν
1522 5327 1611 5385 καὶ
1627 5328 1864 5472 εἰσφορὰς
1878 5327 2124 5407 εἰσφέρων
2137 5326 2226 5431 καὶ

679 5417 919 5495 χορηγῶν
942 5414 1032 5473 καὶ
1046 5405 1213 5472 τᾶλλα
1227 5416 1533 5493 λειτουργῶν
1548 5416 1748 5482 οὐδενὸς
1786 5437 1917 5489 ,ττον
1936 5418 2227 5497 πολυτελῶς

1534 667 1818 728 arnor
1858 667 2247 728 Auosorla
2292 671 2477 732 ΠΕΡΙ
2522 674 2674 734 ΤΟΥ
2721 676 3000 739 ΣΗΚΟΥ.

1395 975 1486 1050 (2³)
1517 972 1798 1033 Δεινότατα
1829 965 1916 1032 οὖν
1937 973 2153 1054 πάσχω,
2184 976 2240 1043 δς
2289 1013 2290 1018 =

3599 683 3887 765 (ns—ess)

2329 813 2561 875 quosdam
2582 828 2645 864 ex
2673 819 2941 880 Areopago,
2966 817 3053 868 tibi
3072 819 3274 870 testibus
3294 819 3401 871 aliis
3418 834 3518 873 non
3551 823 3723 876 minet
3748 839 3891 890 opus.

2332 907 2399 952 Eo
2418 904 2545 954 enim
2569 909 2708 968 pacto
2729 908 2762 957 ii
2785 909 2873 971 ipsi
2898 911 3075 960 conscii
3096 910 3293 961 finissent
3319 913 3369 963 te
3392 924 3506 963 vera
3526 913 3695 965 dicere
3712 916 3797 980 qui
3832 917 3897 968 de

2330 1013 2475 1051 causa
2498 1007 2633 1053 erant
2654 1004 2928 1066 iudicaturi.
2996 1009 3092 1069 (23)
3110 1009 3413 1072 Iniquissima
3430 1024 3545 1074 ergo
3564 1015 3723 1075 patior
3744 1033 3759 1064 ε
3776 1027 3897 1065 nam

2329 1093 2367 1141 si
2393 1096 2536 1143 testes
2554 1095 2633 1145 ille
2654 1096 3034 1159 ad‹luxerat,eis
3054 1100 3197 1151 sidem
3223 1101 3493 1153 habendam
3522 1117 3629 1155 esc
3652 1107 3897 1168 possum

2329 1188 2434 1248 set;
2458 1200 2610 1249 quum
2638 1202 2754 1239 vero
2788 1190 2962 1241 babeat
2983 1193 3166 1256 nullos,
3189 1195 3308 1245 mihi
3332 1196 3427 1246 boc
3454 1211 3659 1261 quoque
3680 1199 3732 1249 in
3766 1202 3894 1252 stau·

2329 1278 2441 1328 dem
2467 1279 2636 1331 cedere
2663 1285 2883 1345 oportere
2908 1284 3185 1336 arbitratur.
3249 1290 3418 1351 Neque
3434 1288 3585 1339 istum
3615 1304 3707 1355 ego
3740 1292 3897 1343 demi·

2329 1385 2410 1421 ror
2422 1392 2434 1421 z
2447 1372 2530 1435 qui
2547 1373 2676 1423 enim
2692 1376 2873 1425 temere
2884 1377 3223 1441 calumniatur,
3239 1392 3337 1428 non
3350 1380 3531 1431 talibus
3546 1383 3721 1433 saltem
3735 1385 3895 1435 verbis

2328 1463 2582 1527 indigebit,
2616 1465 2656 1515 si
2689 1467 2891 1517 testibus
2924 1468 3150 1531 indigeat.
3213 1475 3313 1521 Vos
3351 1474 3519 1521 autem
3550 1487 3672 1538 rogo
3703 1476 3761 1524 ut
3792 1489 3893 1525 non

2328 1557 2492 1606 maem
2513 1560 2672 1607 mente
2690 1571 2791 1608 esse
2807 1558 2980 1607 venus.
3048 1560 3148 1621 (ιι)
3174 1561 3315 1609 scius
3331 1562 3421 1625 ipsi
3439 1564 3624 1613 multas
3647 1565 3767 1614 mini
3792 1554 3923 1618 ene·

2328 1648 2376 1697 in
2417 1662 2585 1713 campo
2629 1650 2758 1700 oleas
2795 1651 3065 1714 multasque
3110 1653 3267 1715 piceas
3306 1654 3355 1703 in
3395 1654 3502 1705 aliis
3544 1658 3668 1707 meis
3715 1658 3892 1709 fundis.

2328 1744 2485 1801 Quas,
2518 1741 2557 1790 si
2588 1740 2654 1790 ita
2674 1742 2876 1791 affectus
2902 1743 3122 1805 fuissem,
3146 1744 3301 1793 multo
3322 1746 3479 1796 tutius
3500 1750 3607 1797 erat
3633 1750 3827 1800 auferre
3846 1755 3895 1801 et

2327 1827 2628 1890 exscindere,
2650 1831 2925 1891 terramque
2954 1829 3161 1879 vicinam
3187 1833 3372 1894 colere,
3404 1837 3593 1896 quanto
3625 1835 3858 1888 delictum
3876 1874 3891 1900 ,

2326 1929 2478 1977 quum
2491 1916 2610 1965 oleae
2623 1917 2873 1979 permultae
2882 1919 3054 1980 essent,
3065 1920 3298 1970 occultius
3305 1923 3407 1970 erat
3417 1920 3660 1972 futurum.
3673 1924 3891 1985 (unam

2327 2016 2442 2052 vero
2459 2016 2539 2053 eas
2554 2005 2677 2053 tanti
2705 2005 2827 2054 facio
2849 2007 3015 2067 quanti
3035 2008 3216 2056 ceteras
3237 2008 3582 2072 possessiones,
3612 2011 3892 2063 existimans

2326 2090 2506 2140 scilicet
2529 2091 2646 2139 mihi
2668 2104 2731 2140 ex
2754 2092 2967 2154 utrisque
2988 2092 3255 2155 periculum
3279 2094 3547 2145 imminere.
3610 2101 3773 2162 Atque
3802 2099 3890 2149 bo-

2326 2190 2435 2225 rum
2471 2178 2781 2241 vosmetipsos
2808 2182 2955 2228 testes
2990 2180 3287 2243 producam,
3317 2181 3404 2243 qui
3439 2196 3545 2232 rem
3595 2197 3891 2251 unoquoque

2327 2278 2489 2313 mense
2527 2268 2748 2315 curantes
2783 2266 2895 2328 ipsi,
2931 2266 3220 2329 inspectores
3253 2268 3369 2317 item
3407 2281 3600 2320 annuos
3639 2272 3833 2323 mittitis
3870 2288 3885 2323 ε

2327 2365 2532 2414 quorum
2558 2366 2699 2401 nemo
2719 2367 2797 2403 me
2819 2366 3032 2415 unquam
3053 2353 3329 2415 mulctavit,
3356 2357 3490 2417 quod
3516 2358 3625 2407 loca
3654 2360 3885 2410 coluerim

2325 2440 2473 2488 sacris
2494 2439 2611 2489 oleis
2628 2440 2828 2489 consita.
2892 2441 2991 2502 (26)
3014 2444 3235 2490 Attamen
3267 2455 3364 2491 non
3382 2442 3423 2492 is
3438 2457 3550 2493 sum
3569 2447 3655 2508 qui
3680 2447 3886 2497 mulctas

2326 2525 2456 2575 leves
2477 2527 2595 2575 tanti
2621 2528 2790 2576 faciam
2804 2564 2819 2587 ,
2844 2528 3011 2590 capitis
3028 2541 3143 2576 vero
3159 2527 3436 2578 discrimina
3465 2530 3591 2581 adeo
3614 2534 3879 2597 negligam:

2327 2626 2424 2662 non
2452 2613 2491 2661 is
2508 2626 2616 2662 sum
2635 2615 2717 2675 qui
2740 2615 2869 2664 oleas
2886 2615 2952 2663 ita
2981 2616 3189 2677 multas,
3209 2616 3259 2664 in
3290 2630 3411 2680 quas
3435 2617 3689 2680 impunius
3719 2621 3883 2671 licebat

2326 2699 2618 2763 delinquere,
2629 2704 2761 2751 tanta
2780 2701 3002 2764 religione
3018 2702 3324 2765 servaverim,
3340 2703 3539 2754 unicum
3557 2709 3724 2756 autem
3740 2721 3881 2758 sacr·

2327 2785 2447 2835 olem
2469 2790 2722 2851 truncum,
2743 2791 2827 2852 qui
2845 2791 3119 2840 clanculum
3137 2791 3317 2842 succidi
3334 2795 3572 2856 nequeat,
3586 2796 3719 2857 quod
3737 2799 3881 2848 sustu·

2327 2874 2462 2923 ierim
2477 2910 2491 2935 ,
2511 2874 2655 2925 bodie
2676 2877 2725 2926 in
2743 2878 2978 2938 jndicium
2999 2878 3230 2928 adducar.
3296 2881 3396 2940 (27)
3416 2882 3597 2930 Utrum
3614 2883 3733 2932 mibi
3762 2896 3875 2946 pre-

2324 2964 2544 3014 stabilius
2562 2965 2750 3029 suisset,
2769 2971 3013 3018 senatores
3028 3004 3044 3031 ,
3070 2969 3121 3018 in
3140 2969 3433 3021 democratia
3451 2973 3582 3035 leges
3603 2975 3874 3038 transgredi,

2287 3078 2288 3083 =
2325 3064 2387 3100 an
2413 3052 2504 3102 sub
2523 3054 2859 3115 trigintaviris?
2889 3058 3051 3118 Neque
3086 3057 3193 3107 haec
3220 3058 3327 3107 dico
3348 3059 3486 3121 quasi
3517 3062 3640 3111 tunc
3678 3065 3875 3114 multmn

2287 3148 2288 3171 l
2325 3140 2576 3200 valuerim,
2591 3142 2667 3191 vel
2681 3155 2811 3191 nunc
2828 3143 3080 3194 calumniis
3096 3144 3260 3207 impeti
3283 3145 3412 3195 siuar
3424 3163 3439 3207 ;
3453 3148 3539 3197 sed
3557 3151 3690 3212 quod
3710 3153 3875 3201 volenti

2326 3240 2521 3289 peccare
2540 3229 2694 3290 major
2713 3232 2830 3279 tunc
2846 3244 2992 3293 quam
3016 3244 3148 3281 nunc
3168 3232 3373 3283 dabatur
3390 3233 3603 3286 licentia.
3645 3241 3724 3288 Me
3746 3239 3876 3300 initur

2325 3327 2480 3377 neque
2501 3329 2587 3378 per
2606 3317 2725 3365 illud
2744 3320 2930 3380 tempus
2947 3320 3043 3368 tale
3076 3320 3253 3383 aliquid
3282 3324 3368 3371 aut
3393 3322 3664 3386 quidquam
3691 3327 3875 3376 omnho

2324 3402 2438 3450 mali
2472 3404 2763 3454 commisisse
2787 3409 2998 3468 apparet.
3065 3409 3165 3469 (28)
3194 3411 3289 3467 Qut
3327 3412 3527 3474 autem,
3564 3412 3657 3462 nisi
3693 3414 3875 3466 αι’-ιε·

2325 3488 2545 3539 mibimet
2563 3491 2941 3555 inimicissimus,
2965 3507 3119 3557 quum
3147 3509 3234 3546 vos
3259 3499 3445 3546 tantam
3474 3498 3746 3550 adhibeatis
3771 3501 3871 3551 dili-

2324 3578 2530 3638 gentiam
2543 3614 2556 3639 ,
2582 3593 2643 3628 ex
2663 3594 2721 3628 eo
2745 3580 2891 3629 tundo
2917 3595 3100 3632 sacram
3118 3584 3274 3633 oleam
3294 3587 3553 3636 tentassem
3571 3589 3871 3652 exscinde-e,

2325 3663 2489 3724 inquo
2510 3666 2643 3714 nulla
2665 3680 2860 3727 prorsus
2894 3667 3036 3717 arbor
3066 3668 3190 3719 inest
3212 3674 3386 3733 praeter
3414 3673 3575 3724 unico
3604 3675 3730 3726 oleoe
3753 3679 3872 3726 kun·

2325 3763 2463 3810 cum,
2497 3754 2553 3800 ut
2591 3753 2707 3802 dicit
2741 3758 3019 3818 aecusator3
3050 3770 3196 3817 quem
3231 3758 3322 3807 iter
3353 3759 3609 3821 publicum
3645 3764 3872 3826 utrimque

2323 3836 2493 3899 cingit,
2520 3840 2764 3902 utrimque
2781 3842 3183 3893 circumhabitant
3207 3844 3377 3906 vicini3
3397 3848 3482 3909 qui
3517 3849 3869 3913 utrimquesiue

2321 3927 2457 3987 septo
2485 3928 2555 3973 est
2587 3929 2636 3975 et
2658 3928 2885 3978 omnibus
2917 3930 3234 3993 conspicuus?
3260 3933 3371 3995 quis
3403 3933 3596 3997 itaque,
3624 3950 3773 4000 quum
3802 3949 3870 3986 ru

2324 4013 2390 4061 ita
2411 4026 2463 4061 se
2485 4012 2691 4062 babeant
2705 4050 2718 4073 ,
2738 4016 3035 4067 sustinuisset
3058 4018 3154 4068 tale
3174 4019 3359 4069 facinus
3387 4022 3581 4083 aggredi
3596 4026 3619 4072 ἓ
3649 4027 3743 4086 (29)
3764 4023 3869 4074 ΜΗ

2323 4112 2437 4148 vero
2461 4113 2560 4148 non
2593 4101 2782 4150 videtur
2812 4104 3083 4163 serendum,
3115 4119 3270 4168 quum
3305 4119 3391 4157 vos
3418 4109 3603 4170 quibus
3624 4124 3654 4160 a
3683 4112 3866 4161 civitate

2280 4190 2284 4199 '¹
2321 4200 2404 4249 per
2439 4201 2582 4238 omne
2623 4192 2812 4251 tempus
2845 4190 3162 4242 demandatur
3191 4206 3435 4243 sacrarum
3474 4196 3693 4248 olearum
3713 4210 3864 4248 ctu-

2318 4289 2510 4337 gerere,
2543 4289 2622 4326 me
2654 4290 2902 4339 nunquam
2940 4280 3017 4328 vel
3053 4280 3403 4330 mulctaveritis
3435 4283 3572 4346 quod
3612 4286 3716 4335 loca
3753 4285 3862 4336 cleb

2318 4364 2502 4413 consita
2522 4365 2756 4414 araverim
2775 4402 2790 4425 ,
2806 4367 2882 4415 vel
2902 4367 2950 4415 in
2973 4368 3142 4429 capitis
3158 4368 3413 4419 discrimen
3429 4370 3731 4424 adduxeritis
3744 4372 3861 4437 quad

2318 4463 2396 4500 eas
2421 4453 2723 4514 sustulerim;
2742 4452 2887 4502 istum
2921 4454 3164 4504 bominem
3194 4456 3278 4518 qui
3296 4469 3458 4519 neque
3489 4472 3661 4522 agrum
3687 4461 3799 4512 colit
3816 4460 3859 4510 h

2319 4539 2517 4600 vicinia,
2541 4553 2697 4602 neque
2723 4544 2916 4590 curator
2948 4555 3163 4603 unquam
3194 4545 3268 4592 est
3292 4544 3502 4608 clectus,
3528 4559 3689 4611 neque
3727 4561 3784 4599 ea
3802 4547 3857 4598 aa

2316 4630 2460 4677 aetate
2495 4629 2552 4677 ut
2580 4627 2640 4677 dc
2670 4629 2742 4678 bis
2772 4629 2915 4679 rebus
2935 4629 3199 4693 quidquam
3226 4632 3351 4684 scire
3385 4634 3564 4698 possit,
3594 4635 3713 4686 milri
3737 4636 3855 4687 lits-

2316 4716 2435 4765 oleae
2453 4717 2626 4766 excisae
2644 4717 2712 4765 ita
2732 4718 2912 4766 temere
2929 4718 3151 4767 scribere.

2378 4815 2454 4859 80.
2488 4811 2786 4872 Quapropter
2814 4823 2901 4860 vos
2930 4822 3017 4859 oro
3046 4812 3103 4860 ut
3134 4810 3294 4861 nolitis
3327 4811 3605 4874 buimodi
3629 4816 3853 4866 matium

2317 4896 2485 4958 maiori
2508 4895 2601 4946 tide
2622 4897 2786 4958 dignas
2810 4910 3001 4947 censere
3023 4911 3170 4960 quam
3193 4911 3269 4949 res
3303 4898 3455 4962 ipsas;
3482 4914 3641 4964 neque
3667 4913 3854 4966 qnor-

2316 4998 2403 5033 vos
2421 4985 2534 5033 estis
2551 4986 2745 5048 conscii,
2765 4985 2825 5034 de
2848 4986 2906 5035 iis
2927 4986 3147 5036 inimicos
3164 4999 3297 5037 meos
3313 4986 3528 5039 dieentes
3544 4990 3774 5055 tolet-areg
3790 5002 3858 5040 w·

2314 5072 2498 5122 biscum
2523 5074 2795 5135 reputantes
2816 5077 2921 5123 tum
2940 5086 3003 5123 ex
3023 5074 3081 5123 iis
3096 5087 3208 5136 quae
3228 5087 3258 5123 a
3285 5087 3364 5124 me
3380 5073 3510 5125 dicta
3529 5079 3672 5141 sunt,
3688 5079 3857 5130 sunu

2314 5162 2473 5209 cetera
2508 5174 2629 5210 meae
2669 5161 2784 5211 vitas
2822 5161 2976 5211 civilis
3012 5161 3211 5211 ratione.
3276 5161 3376 5223 (31)
3408 5165 3508 5226 Ego
3546 5164 3678 5214 enim
3711 5164 3857 5216 οιιιιή

2313 5260 2424 5309 quae
2449 5247 2565 5295 mihi
2594 5247 2806 5309 injuncta
2829 5248 2989 5309 suere,
3020 5247 3226 5297 alacrius
3256 5249 3414 5311 peregi
3445 5262 3596 5312 quam
3625 5263 3657 5302 a
3680 5252 3859 5304 dvm

2313 5334 2530 5396 cogebar,
2555 5336 2603 5382 et
2619 5335 2841 5384 triremes
2866 5334 3132 5395 adornans,
3163 5336 3214 5384 et
3232 5334 3422 5384 solvens
3443 5336 3659 5400 tribub,
3682 5341 3733 5389 et
3753 5339 3859 5388 cbo·

2315 5422 2465 5485 regias
2485 5435 2656 5485 agens,
2672 5425 2925 5485 ceteraque
2944 5435 3145 5473 munera
3168 5421 3313 5473 edens
3332 5422 3429 5484 ita,
3452 5425 3509 5474 ut
3527 5425 3709 5477 civium
3732 5435 3861 5476 neno
