4467 6542
342 651 398 703 aio
696 640 835 701 linior
855 643 881 700 0
903 642 988 701 ΠΕΡΙ
1009 641 1085 701 ΤΗΣ
1107 643 1305 705 cinnanos
1325 646 1573 708 ΔΟΚΙΜΑΣΙΑΣ.
1783 655 1937 737 [ιω-τοι.)

316 778 387 843 ικαὶ
400 780 446 847 τῆς
459 777 573 846 πόλεως,
588 776 620 847 δν
634 774 758 856 πρότερον
771 776 967 856 παραλαόόντες
978 776 1058 845 ούτως
1070 780 1113 836 αἰ·
1160 780 1228 842 potet
1244 780 1300 829 iacti
1316 781 1395 844 iugum
1408 783 1433 831 et
1446 781 1549 832 civitatis
1563 796 1638 845 quam
1648 785 1716 848 prius
1731 800 1747 838 a
1762 802 1789 841 se
1801 804 1938 855 oppmra

342 870 428 945 σγρῶς
446 864 491 923 καὶ
504 867 591 930 δεινῶς
608 865 784 934 ελωόήσαντο.
823 865 904 925 'ssot’
921 867 967 924 ούκ
983 866 1052 933 ἀξιον
1070 871 1115 937 τῆς
1159 867 1318 929 tcmturpitcr
1328 868 1723 931 tamqucindignelabciactarunt.
1756 879 1939 943 comtaiiqitnr

341 951 496 1028 δοκιμασίας
520 951 648 1031 ὀλιγώρως
673 951 758 1031 ἔχειν,
776 952 833 1011 οὐδὲ
856 952 947 1031 μικρὸν
961 953 1116 1031 ἡγουμένους
1160 967 1209 1002 110ss
1226 955 1370 1017 negligenter
1389 956 1554 1019 probationem
1569 971 1620 1009 case
1637 962 1812 1028 exercendam,
1831 979 1940 1031 nequeo

340 1040 371 1099 τὸ
381 1049 494 1121 πρᾶγμα
509 1040 546 1118 μὴ
563 1040 701 1121 φροντίζειν
720 1042 813 1111 αὐτῆς,
832 1039 900 1097 ἀλλὰ
918 1041 1063 1119 φυλάττειν·
1082 1044 1117 1107 ὡς
1161 1041 1229 1092 vohis
1240 1041 1362 1105 despeciui
1376 1043 1508 1094 habendam
1517 1047 1632 1108 tanquam
1644 1048 1775 1100 iOViCilissm
1785 1066 1837 1103 iem
1849 1057 1874 1103 Oi
1886 1056 1938 1106 nni·

341 1130 368 1187 ἀν
377 1133 415 1209 τῷ
425 1127 532 1186 ἕκαστον
545 1127 649 1193 δικαίως
659 1127 748 1207 ἄρχειν
760 1126 815 1199 ἡτε
827 1127 946 1185 πολιτεία
956 1126 1001 1185 καί
1013 1126 1041 1186 τὸ
1052 1127 1117 1186 ἄλλο
1161 1131 1207 1179 iius
1224 1131 1354 1192 momenti,
1372 1130 1414 1180 sed
1431 1144 1513 1183 serere
1532 1132 1723 1199 observandam,
1741 1151 1819 1200 quum
1836 1140 1860 1189 in
1875 1142 1939 1203 iusto

341 1220 437 1286 πλῆθος
450 1215 480 1274 τδ
498 1215 620 1294 ὑμέτερον
633 1213 750 1283 σώζεται.
793 1217 839 1293 (ιο)
856 1217 889 1275 Ei
903 1213 949 1292 μὲν
967 1214 999 1287 δὴ
1014 1215 1117 1293 βουλεύ·
1162 1219 1349 1283 uniuscuiusque
1361 1222 1513 1284 magistratus
1524 1223 1625 1285 imperio
1636 1227 1661 1275 ei
1672 1226 1939 1292 reipublicneetqopnii

341 1327 394 1363 σων
405 1303 459 1362 νυνὶ
472 1301 637 1379 ἐδοκιμάζετο
648 1301 693 1360 καὶ
706 1303 741 1368 ὡς
754 1304 908 1369 ἱππευκότος
922 1305 1001 1361 αὐτοῦ
1013 1304 1116 1361 ἐπὶτῶν
1161 1305 1224 1356 salus
1243 1308 1401 1358 contineatur.
1434 1312 1483 1370 (10)
1500 1310 1591 1366 0¹¹⁰<l³³i
1608 1311 1652 1361 isle
1666 1313 1835 1374 probationem
1850 1316 1940 1366 subiret

340 1393 479 1472 τριάκοντα
494 1390 565 1471 ἀρμα
576 1393 603 1448 ἐν
616 1392 671 1457 ταῖς
680 1390 781 1449 σανίσιν
794 1389 984 1470 ἐνεγέγραπτο,
998 1390 1042 1448 καί
1056 1390 1116 1448 ἀνευ
1161 1408 1205 1457 pro
1220 1396 1336 1445 senatoris
1350 1394 1443 1457 officio,
1462 1409 1598 1459 nomenque
1615 1398 1668 1458 ejus
1682 1399 1707 1447 in
1725 1400 1816 1449 tabuiis
1831 1402 1938 1464 equitum

305 1503 330 1541 ιο
341 1480 485 1559 κατηγόρου
502 1477 532 1537 δν
553 1478 629 1536 αύτδν
649 1478 860 1553 ἀπεδοκιμάζετε·
880 1476 934 1535 νυνί
954 1477 998 1553 δέ,
1013 1475 1056 1535 ότε
1078 1476 1116 1553 μὴ
1161 1482 1207 1531 suh
1218 1482 1525 1545 trigintavirisdoscriptnm
1539 1487 1692 1548 reperiretur,
1704 1490 1811 1538 cumaei
1823 1489 1938 1539 nulioae·

341 1568 419 1645 μόνον
437 1564 570 1632 ἱππευκὼς
588 1562 654 1641 μηδὲ
676 1562 866 1643 βεόουλευκιίις,
884 1562 953 1621 ἀλλά
966 1563 1011 1622 καί
1029 1567 1065 1630 εἷς
1087 1565 1117 1622 τδ
1161 1570 1435 1632 συεοιιίειοριοθαιιῑὶο.
1468 1573 1537 1620 Nunc
1553 1585 1611 1620 vero
1625 1576 1854 1634 quumuonsoium
1868 1577 1938 1626 istum

340 1657 437 1724 πλῆθος
456 1651 641 1731 ἐξημαρτηκὼς
660 1651 791 1730 φαίνεται,
811 1653 856 1709 ούκ
878 1649 910 1709 διν
929 1650 1023 1709 ἄτοπον
1040 1651 1116 1722 ποιή-
1163 1656 1236 1707 fuisse
1256 1657 1373 1719 equitem,
1395 1657 1437 1706 scd
1453 1658 1477 1706 in
1492 1659 1609 1720 populum
1625 1660 1730 1721 graviter
1744 1662 1873 1725 deliquisse
1884 1675 1937 1713 con·

340 1763 425 1818 σαιτι,
433 1743 455 1798 εί
465 1738 502 1816 μὴ
512 1739 559 1810 τῆν
568 1736 647 1808 αύτὴν
656 1737 760 1815 γνώμην
768 1737 868 1817 ἔχοντες
876 1736 935 1818 περί
943 1741 1117 1819 αύτούρανοῖ·
1161 1746 1221 1804 stci,
1230 1756 1311 1792 aunon
1323 1745 1383 1792 toret
1393 1744 1503 1793 omnium
1516 1745 1713 1795 absurdissimum
1724 1747 1802 1798 sinon
1815 1749 1899 1799 Mem
1909 1750 1938 1802 dc

341 1832 401 1899 σθεν
413 1831 459 1905 (u)
474 1827 527 1887 Καὶ
537 1826 583 1903 μὲν
592 1824 624 1895 δὴ
637 1824 765 1904 βουλεύειν
777 1847 807 1902 γε
817 1825 1116 1901 δοκιμασθεὶςπεντακο-
1161 1831 1329 1879 essentitatis?
1341 1832 1361 1891 (i
1369 1831 1390 1891 i)
1399 1831 1498 1881 atenim
1506 1845 1536 1881 ex
1544 1832 1715 1894 probationem
1723 1836 1937 1886 senatorinmordi·

341 1916 440 1982 σιοστδς
450 1914 486 1973 ὢν
499 1914 564 1991 μετδ
578 1918 629 1972 τῶν
642 1914 728 1971 ἀλλων
739 1913 853 1971 ἐνιαυτὸν
863 1911 895 1971 διν
908 1912 985 1989 μόνον
997 1913 1116 1973 ἐύούλευ·
1160 1930 1216 1966 nem
1228 1921 1365 1980 cooptatus,
1380 1932 1442 1967 unus
1455 1920 1505 1981 ipse
1517 1932 1572 1968 cum
1588 1920 1724 1983 quingentis
1737 1922 1790 1971 aliis
1804 1936 1847 1986 per
1863 1938 1937 1974 unum

340 2024 393 2074 σιν,
405 2003 473 2063 ὥστε
490 2004 535 2062 καὶ
551 2002 575 2061 εί
586 2026 612 2060 τι
632 2003 657 2060 ἐν
676 1999 759 2080 τούτῳ
772 2004 809 2080 τῷ
829 2000 915 2080 χρόνῳ
929 2000 1114 2080 ἐξαμαρτάνειν
1160 2004 1378 2054 duntaxatannum
1390 2005 1548 2056 consedisset:
1560 2006 1630 2056 itaut
1646 2008 1735 2070 siquid
1746 2010 1863 2072 peristud
1875 2015 1935 2061 tem·

303 2108 326 2145 rs
340 2090 469 2162 ἐόσύλιτο,
483 2090 576 2170 bordin<
586 2090 617 2147 ἀν
630 2088 679 2147 ὑπὸ
688 2091 739 2146 τῶν
748 2088 833 2146 ἀλλων
843 2088 978 2147 ἐκωλύετο.
1009 2087 1115 2159 Ταύτην
1161 2106 1205 2155 pus
1214 2092 1369 2143 meditaretur
1378 2094 1649 2154 maii,laciieaceieris
1657 2096 1834 2157 prohiberetur.
1867 2102 1935 2149 lianc

342 2177 523 2257 δλτὴνάρχὴν
538 2177 603 2245 ἀξιοῖ
617 2175 690 2254 μόνος
705 2174 780 2241 αὐτὸς
791 2179 849 2234 καθ’
864 2175 940 2233 αὑτὸν
958 2176 1057 2255 ἄρχειν,
1071 2177 1115 2234 καί
1161 2193 1218 2229 vero
1237 2182 1403 2242 magistratum
1419 2194 1501 2244 gerere
1519 2182 1585 2231 solus
1601 2183 1650 2244 ipse
1668 2196 1711 2245 per
1729 2196 1756 2233 se
1777 2186 1937 2247 postuiai,et

340 2266 406 2341 perir
414 2271 459 2335 τῆς
471 2268 497 2323 ἐν
509 2263 597 2342 Ἀρείῳ
608 2262 685 2342 πάγῳ
698 2265 791 2340 βουλῆς
798 2262 840 2319 τὸν
851 2262 954 2320 ἅπαντα
962 2261 1053 2341 χρόνον
1063 2264 1114 2319 τῶν
1160 2267 1245 2317 deiude
1260 2281 1317 2317 cum
1328 2271 1412 2318 senatu
1425 2270 1588 2331 Areopagitica
1600 2284 1747 2332 peromnem
1759 2275 1857 2323 aaran
1868 2288 1933 2324 ιιιι-

340 2353 469 2430 μιγίστων
481 2352 566 2431 κύριος
575 2350 700 2427 γενέσθαι
715 2351 760 2426 (ια)
772 2347 839 2406 ὥστε
849 2352 910 2427 ύμῖν
922 2348 1043 2420 καθήκειν
1054 2350 1113 2428 περὶ
1160 2356 1205 2403 mis
1218 2358 1243 2405 et
1255 2356 1398 2418 gravissimis
1413 2358 1485 2405 rebus
1501 2370 1610 2419 praeesse.
1643 2360 1693 2418 (tn)
1706 2364 1754 2408 Vos
1767 2360 1840 2420 igitur
1855 2376 1937 2424 quam·

338 2440 435 2512 ταύτης
451 2443 497 2510 τῆς
511 2442 593 2520 ἀρχῆς
604 2435 790 2517 ἀκριύεστίραν
804 2434 850 2504 τήν
860 2437 1014 2513 δοκιμασίαν
1024 2435 1041 2507 ἡ
1054 2436 1114 2515 περί
1159 2443 1340 2493 ιιιιιιίιιιοιίουοί
1349 2443 1379 2492 de
1390 2444 1437 2493 hoc
1445 2445 1584 2506 magistratu
1594 2446 1768 2495 accuratiorem
1778 2448 1857 2497 mutio
1866 2463 1935 2511 quam

338 2529 389 2585 τῶν
402 2526 488 2584 ἄλλων
502 2527 589 2604 ἀργῶν
601 2528 737 2581 ποιεῖσθαι.
780 2525 812 2582 Ei
823 2522 849 2581 δὲ
861 2523 979 2601 μή,πῶς
993 2522 1075 2582 οἴεσθε
1086 2524 1115 2581 τδ
1159 2530 1189 2579 de
1197 2531 1283 2579 ceteris
1295 2532 1460 2592 probationem
1474 2531 1594 2581 adilhere.
1628 2532 1935 2595 Sinminus,quodemurn

338 2613 404 2672 ἄλλο
412 2615 507 2683 πλῆθος
516 2615 567 2670 τῶν
578 2612 688 2669 πολιτῶν
699 2609 880 2682 διακείσεσθαι,
892 2611 953 2669 ὅταν
964 2610 1113 2683 αἴσθωνται,
1158 2619 1238 2667 αιιίιιιο
1246 2619 1346 2667 censetis
1355 2621 1447 2667 eeteros
1455 2619 1518 2667 cirea
1528 2620 1635 2678 futuros,
1645 2619 1687 2667 ubi
1698 2620 1858 2672 intellexerint
1867 2637 1935 2686 quera

339 2699 368 2759 δν
384 2704 499 2780 προσῆκε
519 2698 590 2764 δίκας
608 2699 659 2756 τῶν
679 2696 872 2777 ἡμαρτημένων
893 2696 1006 2773 διδόναι,
1026 2704 1113 2757 τοῦτον
1159 2717 1257 2751 suorum
1267 2703 1409 2765 iiagitiorum
1417 2717 1499 2765 pmuas
1510 2704 1567 2754 dare
1576 2708 1712 2767 oporteret,
1723 2720 1780 2756 eum
1792 2707 1835 2756 tali
1845 2721 1861 2756 a
1872 2710 1936 2759 robis

299 2814 326 2851 αι
338 2791 381 2868 ύρ’
398 2790 470 2863 ὑμῶν
484 2784 604 2855 τοιαύτης
618 2786 700 2863 ἀρχῆς
717 2783 872 2860 ἠξιωμένον,
890 2784 935 2842 καὶ
950 2784 1027 2863 ῳόνου
1042 2784 1114 2851 δίκας
1159 2789 1273 2851 dignitate
1283 2791 1377 2852 ornari;
1394 2794 1418 2840 et
1431 2790 1461 2841 de
1472 2792 1538 2841 code
1552 2792 1670 2855 judicare,
1684 2807 1758 2855 quem
1774 2795 1853 2857 ipsum
1866 2809 1935 2859 opor·

338 2874 491 2953 δικάζοντα,
503 2872 531 2930 δν
546 2871 596 2930 ἔδει
610 2871 687 2929 αὐτὸν
701 2871 752 2929 ύπδ
764 2875 809 2941 τῆς
821 2874 847 2929 ἐν
861 2870 952 2950 Ἀρείῳ
964 2872 1040 2949 πάγῳ
1054 2875 1114 2948 βου·
1159 2878 1206 2926 tuit
1219 2878 1320 2939 judicari
1332 2891 1347 2926 a
1358 2881 1441 2928 senatu
1454 2879 1632 2941 Areopagiticm
1650 2883 1724 2942 atqua
1739 2882 1814 2931 etiam
1830 2883 1935 2933 coronari

338 2965 385 3033 λῆς
395 2963 539 3040 κρίνεσθαι;
555 2958 600 3016 καί
612 2958 674 3034 πρδς
684 2956 782 3024 τούτοις
793 2958 881 3016 ἴδωσιν
894 2959 1113 3039 ἐστεφανωμένον,
1158 2966 1275 3026 uiderint,
1289 2967 1387 3028 lucrique
1405 2967 1549 3030 pupillarum
1567 2969 1781 3031 orphanorumque
1794 2973 1934 3033 patronum,

338 3051 382 3107 καὶ
403 3047 549 3126 ἐπικλήρων
567 3047 612 3103 καί
635 3047 752 3125 όρρανῶν
772 3043 858 3124 κύριον
879 3045 1057 3123 γεγενημένον,
1078 3038 1113 3103 ὧν
1159 3055 1640 3117 quorumnonnuliisipsa,taiipraeditus
1655 3056 1763 3118 iugenio,
1779 3059 1889 3109 orbitatis
1897 3072 1934 3108 aa·

339 3135 412 3202 ἀνίοις
429 3134 503 3199 adri<
517 3125 588 3197 οὗτος
601 3136 647 3203 τῆς
667 3131 789 3211 ὀρρανίας
804 3132 883 3197 αἴτιος
897 3131 1047 3209 γεγένηται,
1065 3134 1112 3210 (ra)
1159 3142 1211 3189 ctor
1222 3142 1330 3190 exstitit?
1341 3143 1389 3203 (13)
1399 3147 1482 3192 aunon
1491 3142 1631 3192 existimatis
1638 3145 1888 3206 eosmgreadmodum
1899 3146 1933 3195 ia·

337 3212 394 3303 'hp'
406 3224 453 3281 ούκ
465 3221 546 3279 οἴεσθε
561 3219 652 3284 αὐτοὺς
666 3222 789 3298 χαλεπῶς
800 3219 974 3277 διακείσεσθαι
987 3219 1031 3276 καὶ
1046 3222 1113 3293 ὑμᾶς
1158 3230 1239 3289 turos,
1252 3232 1324 3291 atquc
1338 3229 1446 3278 omnium
1458 3230 1526 3278 vohis
1540 3230 1636 3292 cuipam
1654 3232 1814 3294 ascriptores,
1827 3233 1868 3282 uhi
1884 3234 1934 3283 iiio·

338 3313 423 3370 αὐτῶν
445 3309 541 3375 αἰτίους
558 3308 713 3384 ἡγήσεσθαι,
733 3306 795 3365 όταν
816 3306 941 3385 γένωνται
963 3310 989 3364 ἐν
1009 3309 1113 3373 ἐκείνοις
1159 3328 1213 3363 rum
1228 3320 1364 3377 temporum
1377 3315 1517 3364 mennonium
1531 3316 1709 3377 revocaverint,
1723 3316 1748 3365 in
1764 3319 1854 3379 quibus
1868 3319 1934 3369 motti

337 3406 389 3465 τοῖς
402 3397 518 3478 γρόνοις,
533 3400 558 3454 ίν
574 3388 613 3461 οἷς
632 3397 717 3453 αὐτῶν
730 3395 822 3453 πολλοὶ
836 3397 870 3462 είς
887 3396 917 3453 ιδ
936 3394 1112 3475 δεσμωτήριον
1157 3404 1263 3464 ipsorum
1272 3403 1296 3452 in
1306 3416 1424 3465 carcerem
1434 3401 1624 3464 abducebantur,
1634 3405 1658 3452 ei
1667 3403 1758 3453 indicta
1768 3418 1841 3456 causa
1850 3407 1934 3457 abistis

296 3509 321 3543 aa
337 3467 468 3562 ἀπήγοντο
481 3483 526 3541 καὶ
537 3482 637 3563 ἄκριτοι
652 3482 703 3540 ύπδ
715 3481 811 3540 τούτων
826 3481 979 3539 ἀπώλλυντο
992 3482 1037 3539 καὶ
1051 3481 1111 3561 qai·
1158 3490 1234 3551 capite
1244 3489 1419 3552 plectebantur,
1431 3490 1469 3538 vel
1477 3502 1545 3537 suam
1555 3490 1657 3550 patriam
1667 3490 1806 3553 relinquere
1818 3494 1933 3555 cogeban-

336 3569 875 3651 γειντὴνσρετίραναύτῶνήναγκάζοντο;
890 3569 1113 3646 Κάκεῖνοπροσιν-
1157 3579 1210 3637 tur;
1228 3576 1301 3639 idque
1316 3577 1567 3639 etiamcogiiarerini,
1585 3577 1690 3627 eundem
1713 3579 1892 3642 Thrasybulum
1910 3581 1934 3630 in

336 3662 494 3734 θυμηθῶσιν,
506 3657 545 3715 ότι
556 3661 569 3714 ὁ
582 3657 658 3722 αὐτὸς
669 3650 742 3722 οὗτος
756 3656 821 3735 ἀνήρ
835 3655 1020 3737 Θρασύόουλος
1032 3656 1112 3723 αἴτιος
1158 3677 1229 3712 causa
1239 3665 1310 3713 inime
1321 3667 1348 3714 ot
1359 3668 1383 3713 et
1393 3664 1560 3727 reprobaretur
1569 3664 1718 3727 Lamlamas,
1727 3669 1752 3716 ei
1763 3668 1808 3717 iste
1819 3669 1934 3730 approba·

336 3747 471 3823 γεγένηται
481 3744 662 3821 Λεωδάμαντά
675 3767 701 3801 τε
712 3745 955 3818 ἀποδοκιμασθῆναι
967 3744 1011 3801 καί
1021 3750 1111 3802 τοῦτον
1157 3753 1232 3811 retur,
1248 3752 1317 3800 ilium
1332 3751 1479 3812 accusando,
1489 3755 1513 3800 et
1524 3752 1592 3800 istius
1605 3752 1769 3803 defensionem
1783 3754 1933 3817 meditando,

336 3835 542 3909 δοκιμασθῆναι,
552 3836 596 3889 τού
608 3830 654 3906 μὲν
662 3831 804 3910 κατήγορος
813 3832 963 3909 γενόμενος,
977 3835 1042 3911 ὑπερ
1052 3832 1110 3889 τού·
1156 3852 1229 3900 quem
1238 3840 1304 3888 scitis
1314 3853 1397 3888 omnes
1406 3838 1470 3901 quali
1482 3839 1562 3887 auimo
1571 3840 1602 3887 sit
1615 3839 1640 3887 in
1654 3840 1793 3902 civitatem,
1803 3843 1827 3891 et
1836 3845 1979 3904 quantae

335 3942 381 3979 του
403 3919 430 3978 δὲ
450 3919 664 3996 ἀπολογήσασθαι
689 3920 970 3997 παρασκευασάμενος,
995 3921 1021 3986 ὃς
1041 3919 1111 3985 ὅπως
1156 3927 1304 3976 calamitates
1323 3927 1345 3976 ei
1366 3926 1480 3975 intulerit.
1516 3928 1565 3987 tii)
1585 3926 1630 3975 cni
1648 3927 1668 3975 si
1691 3928 1825 3978 adhibeatis
1849 3929 1979 3989 tidem..

336 4007 399 4087 πρὸς
417 4005 463 4075 τήν
475 4008 550 4064 πολιν
565 4004 672 4062 διέκειτο
686 4006 730 4063 καὶ
745 4007 832 4063 πόσων
849 4007 929 4072 αἴτιος
942 4008 1007 4085 αὐτῇ
1022 4011 1110 4066 κακῶν
1156 4016 1269 4075 σύσσιτοι
1278 4014 1449 4062 criminationis
1458 4014 1546 4062 molem
1554 4013 1621 4063 robis
1629 4014 1769 4076 impendere
1777 4016 1979 4066 existimatis?

295 4120 322 4158 n,
335 4094 480 4170 γεγένηται.
497 4140 503 4153 .
518 4138 525 4153 .
543 4137 550 4152 .
574 4092 618 4169 (ιι)
637 4090 654 4162 ἡ
670 4092 814 4168 πειθόμενοι
833 4096 888 4159 πῶς
906 4092 937 4150 διν
957 4093 1039 4151 οἴεσθε
1054 4096 1109 4152 διοι-
1155 4102 1295 4149 'runceuim
1305 4101 1482 4150 arbitrabantur
1495 4114 1597 4163 rosprae
1608 4102 1644 4150 ira
1653 4102 1841 4153 Leodamantem
1852 4118 1979 4167 repro-

336 4180 477 4256 όληθῆναι,
491 4179 559 4239 Τότε
571 4177 616 4253 μὲν
630 4178 680 4257 γὰρ
692 4182 758 4253 ὑμᾶς
769 4178 849 4260 ᾤοντο
863 4178 1025 4259 ὀργισθέντας
1038 4184 1109 4240 Λεω·
1155 4187 1239 4237 basse:
1257 4188 1276 4237 si
1291 4191 1373 4237 autem
1389 4189 1462 4237 istum
1477 4187 1654 4250 approbabilis,
1668 4188 1732 4239 hene
1744 4189 1820 4240 scient
1831 4203 1875 4240 ros
1886 4201 1979 4240 non

336 4267 458 4344 δάμαντα
473 4265 674 4340 ἀποδοκιμάσαι·
695 4266 739 4323 ἐὰν
754 4266 780 4323 δὲ
801 4267 878 4323 αὐτὸν
893 4267 1066 4339 δοκιμάσητε,
1082 4262 1110 4327 εὖ
1152 4273 1260 4335 γὐιίοιίο
1276 4275 1317 4323 illu
1331 4275 1450 4324 statuisse.
1484 4278 1564 4337 Atque
1579 4276 1630 4324 istis
1640 4274 1741 4337 quidem
1755 4277 1825 4326 rideo
1835 4281 1979 4327 motam-

335 4352 447 4412 ιίσονται
456 4351 496 4411 ότι
505 4349 790 4432 ούδικαίαγνιύμῃπερί
799 4353 877 4409 αὐτοῦ
888 4352 1109 4431 κίχρησθε.Ἔστι
1154 4361 1244 4409 tionem
1264 4360 1388 4409 vobiscum
1402 4360 1548 4422 comparari,
1560 4359 1629 4410 robis
1639 4374 1697 4410 vero
1710 4374 1767 4412 cnm
1781 4362 1974 4412 mirasse}-

237 4511 240 4515 .
335 4438 362 4501 δί
377 4441 475 4506 τούτοις
492 4439 539 4515 μὲν
553 4437 616 4517 πρὸς
629 4441 696 4513 ὑμᾶς
714 4438 793 4516 ἁγών,
807 4441 868 4515 ὑμῖν
880 4438 907 4497 δὲ
921 4439 983 4519 πρὸς
1003 4440 1108 4499 ἅπασαν
1154 4449 1237 4509 vitate,
1246 4461 1302 4509 quoe
1312 4461 1376 4496 nnuc
1384 4447 1490 4497 studiose
1496 4448 1607 4497 observat
1613 4461 1728 4509 quanam
1734 4449 1765 4500 de
1774 4462 1800 4499 se
1810 4450 1891 4499 lutura
1899 4447 1965 4499 rae

334 4527 380 4599 τὴν
390 4528 607 4598 πολιηὴσκοπεῖ
618 4525 672 4582 νυνὶ
681 4526 738 4582 τίνα
756 4530 828 4601 ὑμεῖς
843 4526 948 4603 γνώμην
961 4528 1019 4607 περὶ
1030 4531 1109 4598 αὐτῆς
1153 4537 1370 4584 vestissententis.
1404 4535 1452 4595 (ie)
1467 4538 1579 4585 Etuemo
1592 4536 1956 4586 vastrnmarhitreturmein

334 4614 410 4682 θ’ξετι.
454 4615 509 4690 (ιο)
524 4610 576 4671 Καὶ
588 4611 677 4686 μηδεὶς
690 4614 760 4686 ὑμῶν
771 4612 882 4689 ἡγείσθω
893 4635 925 4686 με
938 4612 1108 4688 λεωδόμαντι
1154 4622 1319 4671 modnmsntis
1328 4622 1437 4684 gratiam,
1447 4622 1514 4683 quod
1520 4634 1615 4671 mecum
1624 4622 1730 4672 uniam
1739 4623 1948 4684 stimulandos,

294 4733 322 4771 ,ς
333 4699 501 4781 χαριζόμενον
515 4698 667 4776 κατηγορεῖν
687 4698 833 4778 Εὐάνδρου,
854 4698 894 4756 ότι
911 4698 981 4778 ρίλος
997 4696 1033 4756 ῶν
1047 4723 1107 4775 τυγ·
1153 4709 1291 4758 Evandrum
1306 4722 1436 4758 accusare:
1453 4710 1503 4757 imo
1516 4710 1581 4758 hunc
1591 4722 1679 4759 accuso
1690 4710 1755 4773 quod
1767 4710 1835 4761 vohis
1849 4713 1873 4761 ct
1883 4708 1940 4759 rai·

333 4786 421 4864 γάνει,
437 4788 495 4844 ἀλλ’
511 4783 575 4863 ὑπὲρ
589 4788 662 4859 ὑμῶν
680 4785 725 4842 καὶ
739 4789 782 4854 τῆς
796 4783 895 4852 πολεως
910 4785 1105 4863 προνοούμενον.
1152 4797 1351 4859 pubiiraeoptime
1361 4798 1575 4847 oonsuiemreiim.
1608 4798 1720 4859 Atquald
1730 4811 1761 4847 cx
1772 4794 1933 4861 reipsaiacilc

290 4911 292 4916 ·
333 4870 437 4953 Ῥᾴδιον
454 4874 475 4930 δ’
498 4871 524 4939 ἐξ
541 4873 619 4929 αὐτοῦ
632 4876 677 4928 τοῦ
694 4869 846 4946 πράγματος
856 4874 956 4946 μαθεῖν.
997 4873 1107 4932 Λεωδά-
1153 4885 1223 4933 inerit
1232 4886 1349 4947 colligere.
1365 4888 1391 4934 in
1400 4898 1451 4933 reru
1460 4885 1568 4934 enimest
1577 4884 1780 4935 Laodammtisut
1790 4886 1924 4948 isteappro·

335 4981 412 5034 μαντι
427 4959 477 5039 γδρ
497 4958 622 5039 συμρέρει
642 4964 732 5017 τοῦτον
747 4960 947 5036 δοκιμασθῆναι,
969 4960 1036 5018 οὕτω
1056 4960 1106 5042 γάρ
1151 4971 1222 5020 betur
1236 4974 1280 5033 (ea
1291 4974 1380 5035 quippe
1394 4972 1486 5021 ratione
1496 4986 1539 5021 ros
1550 4972 1714 5033 gravissimam
1732 4971 1853 5021 infamiam
1862 4968 1919 5020 sobi

334 5050 405 5120 ὑμεῖς
423 5048 537 5123 μάλιστα
552 5046 772 5120 διαόληθήσεσθε,
793 5046 838 5105 καὶ
855 5048 938 5115 δόξετε
954 5049 1011 5105 ἀντὶ
1025 5050 1106 5125 δημο-
1150 5060 1198 5108 turi
1213 5060 1268 5109 estis
1277 5062 1300 5109 ei
1310 5062 1387 5122 palam
1397 5059 1536 5109 videbimini
1550 5073 1592 5121 pro
1606 5059 1664 5108 viris
1674 5059 1831 5123 popularibus
1840 5057 1913 5118 clipi-

332 5135 410 5190 τικῶν
425 5131 565 5212 ἀνθρώπων
582 5133 762 5213 ὀλιγαρχικούς
775 5137 809 5202 είς
823 5134 870 5202 τάς
884 5134 966 5214 ἀρχάς
982 5135 1105 5194 καθιστά·
1150 5147 1232 5197 chicos
1242 5147 1273 5196 ad
1286 5148 1437 5210 magistratus
1448 5145 1620 5210 promouere),
1631 5145 1655 5194 in
1667 5160 1719 5195 reru
1732 5150 1813 5196 autem
1823 5145 1911 5194 rainu

333 5239 383 5275 ναι·
396 5223 457 5295 ύμῖν
475 5218 501 5276 δὲ
515 5218 585 5277 τόνδε
603 5221 812 5298 ἀποδοκιμάσαι,
825 5221 909 5289 δόξετε
923 5221 973 5301 γλρ
988 5222 1104 5280 κάκεῖνον
1150 5237 1178 5284 ut
1194 5236 1344 5298 reprobetis:
1368 5236 1402 5285 ita
1422 5236 1486 5285 enim
1506 5234 1617 5284 dicemini
1634 5233 1702 5283 ilium
1725 5245 1821 5297 quoquc
1839 5228 1908 5281 meriti

333 5305 437 5372 δικαίως
449 5306 649 5383 ἀποδοκιμάσαι·
662 5307 706 5365 ils
718 5307 744 5367 di
758 5308 824 5385 μηδὲ
838 5309 927 5388 τόνδε,
946 5309 997 5368 οὐδ’
1009 5310 1104 5368 ίκεῖνον
1150 5324 1296 5386 reprobasse.
1328 5323 1418 5382 Quodsi
1436 5336 1514 5385 neque
1531 5323 1576 5372 iste
1593 5336 1608 5372 a
1627 5322 1697 5372 vohis
1718 5322 1862 5387 reprobetur,
1876 5314 1907 5365 lit
1977 5323 1980 5358 ἱ

332 5390 447 5457 δικαίως·
1150 5411 1267 5462 dicetura
1282 5413 1350 5462 vohis
1365 5412 1484 5463 immerito
1496 5411 1566 5461 tritam
1579 5405 1726 5474 reprobatus
