4467 6542
689 710 802 761 220

689 825 869 901 μάτων
889 827 1059 897 ἕνεκα,
1081 821 1215 882 ἀλλὰ
1233 821 1369 881 κατὰ
1389 820 1569 882 στάσιν
1586 821 1769 890 αὐτους
1789 820 2116 882 ἀπέκτειναν.
2138 819 2231 899 (14)

689 913 821 974 Ἐὰν
845 904 932 970 ουν
956 911 1083 992 πρὸς
1110 916 1274 969 ταῦτα
1302 912 1649 987 ἀπολογῆται,
1674 932 1911 967 τοσουτον
1934 908 2223 985 μέμνησθε,

688 999 769 1058 ὅτι
791 1002 844 1057 ἐν
873 999 1086 1077 τοιούτῳ
1108 1002 1273 1079 καιρῷ
1295 998 1382 1056 τὸν
1408 997 1563 1074 νόμον
1593 995 1853 1063 ἀπέδειξεν
1882 988 1998 1053 ἐνῗ
1959 1022 2002 1077 ῳ
2024 1002 2058 1067 ἡ
2086 998 2234 1054 πολι-

687 1084 801 1143 τεία
829 1084 1131 1161 μεθίστατο,
1172 1083 1261 1141 καὶ
1288 1081 1482 1149 τούτοις
1508 1082 1842 1162 χαριζόμενος
1870 1082 1920 1140 οἳ
1950 1106 2039 1141 τον
2067 1085 2231 1158 δῆμον

688 1173 997 1244 κατέλυσαν,
1015 1172 1102 1230 καὶ
1122 1170 1314 1242 ταύτην
1333 1169 1425 1241 τὴν
1445 1169 1632 1248 βουλὴν
1654 1169 1971 1237 συνδικάζειν
1993 1170 2232 1239 ἐποίησεν

690 1261 743 1316 ἐν
784 1251 822 1338 ᾗ
866 1260 1099 1339 Σάτυρος
1145 1256 1239 1333 μὲν
1280 1256 1370 1314 καὶ
1421 1255 1644 1336 Χρέμων
1688 1255 1928 1332 μέγιστον
1963 1257 2232 1329 ἐδύναντο,

610 1362 663 1401 25
693 1344 1076 1425 Στρομὸιχίδης
1103 1342 1158 1401 δὲ
1186 1343 1274 1400 καὶ
1307 1343 1605 1414 Καλλιάδης
1632 1342 1721 1400 καὶ
1748 1342 1910 1423 ἕτεροι
1938 1343 2119 1402 πολλοὶ
2144 1344 2233 1402 καὶ

661 1432 837 1490 ’καλοὶ
859 1431 1077 1509 κάγαθοὶ
1107 1433 1209 1487 τῶν
1230 1433 1454 1488 πολιτῶν
1480 1430 1800 1488 ἀπώλλυντο.

767 1539 833 1577 15.
879 1517 985 1577 Καὶ
1010 1516 1130 1595 περὶ
1158 1516 1351 1575 τούτων
1382 1514 1565 1574 οὐδένα
1600 1515 1661 1572 ἂν
1690 1514 2015 1590 ἐποιησάμην
2052 1514 2231 1592 λόγον,

687 1606 732 1663 εἶ
758 1604 833 1681 μὴ
856 1603 1158 1681 ᾐσθανόμην
1184 1602 1338 1660 αὐτὸν
1366 1606 1434 1668 ὡς
1458 1600 1733 1676 δημοτικὸν
1753 1602 1874 1659 ὄντα
1899 1600 2233 1680 πειράσεσθαι

684 1691 830 1770 παρὰ
852 1691 915 1749 τὸ
948 1690 1145 1749 δίκαιον
1175 1688 1458 1760 σώζεσθαι,
1494 1689 1584 1746 καὶ
1612 1692 1703 1757 τῆς
1740 1687 1933 1753 εὐνοίας
1957 1693 2048 1758 τῆς
2074 1690 2146 1755 εἷς
2175 1687 2234 1745 τὸ

682 1779 877 1848 πλῆθος
919 1775 1186 1854 τεκμηρίῳ
1226 1777 1549 1854 χρησόμενον
1587 1773 1665 1831 ὅτι
1711 1772 1914 1854 ἔφυγεν.
1998 1773 2137 1851 Ἐγὼ
2178 1773 2233 1832 δὲ

682 1864 774 1922 καὶ
797 1864 996 1943 ἑτέρους
1020 1863 1082 1922 ἂν
1112 1862 1287 1941 ἔχοιμι
1317 1862 1567 1930 ἐπιδεῖξαι
1598 1865 1700 1919 τῶν
1729 1862 2230 1939 συγκαταλυσάντων

682 1950 770 2009 τὸν
800 1953 964 2027 δῆμον
994 1949 1111 2016 τοὺς
1142 1948 1234 2025 μὲν
1261 1949 1637 2020 ἀποθανόντας,
1672 1947 1788 2014 τοὺς
1816 1946 1870 2004 δὲ
1898 1947 2148 2026 φυγόντας
2176 1970 2232 2006 τε

606 2052 659 2090 30
684 2038 773 2096 καὶ
800 2040 858 2096 οὐ
892 2036 1245 2115 μετασχόντας
1268 2040 1359 2107 τῆς
1396 2034 1654 2100 πολιτείας
1674 2078 1692 2111 ,
1719 2031 1853 2092 ὥστε
1882 2033 2065 2091 οὐδένα
2099 2034 2233 2101 εἰκὸς

684 2125 828 2181 αὐτῶ
856 2123 1035 2182 τούτου
1079 2121 1331 2200 ὑπόλογον
1372 2120 1631 2197 γενέσθαι.
1718 2122 1809 2196 (10)
1844 2122 1953 2178 Γ
1896 2143 1953 2177 ου
1987 2119 2081 2196 μὲν
2131 2119 2231 2198 γὰρ

684 2212 818 2276 ὑμᾶς
854 2217 1031 2290 φυγεῖν
1069 2210 1220 2286 μέρος
1262 2232 1311 2265 τι
1348 2208 1438 2265 καὶ
1474 2199 1617 2274 ουτος
1651 2205 2000 2284 συνεὸάλετο,
2044 2212 2134 2264 τοῦ
2177 2206 2231 2265 δὲ

683 2319 860 2355 τουτον
887 2298 1149 2354 κατελθεῖν
1170 2318 1228 2353 το
1245 2298 1437 2364 πλῆθος
1460 2318 1517 2351 το
1544 2294 1788 2372 ὑμέτερον
1816 2292 1976 2350 αἴτιον
2008 2292 2228 2368 ἐγένετο.

681 2381 805 2443 Ἔτι
833 2382 887 2441 δὲ
912 2406 1000 2441 και
1037 2382 1223 2456 δεινόν,
1255 2384 1297 2438 εἶ
1322 2374 1393 2439 ὧν
1422 2380 1514 2457 μὲν
1545 2381 1685 2439 ἄκων
1713 2379 1871 2437 ἔπαθε
1899 2378 2054 2458 χάριν
2084 2382 2227 2461 αὐτῷ

687 2468 882 2527 εἴσεσθε
900 2514 916 2541 ,
965 2461 1038 2527 ὧν
1083 2471 1126 2527 δ’
1165 2466 1297 2527 ἑκὼν
1344 2466 1601 2546 ἐξήμαρτε
1654 2466 1912 2544 μηδεμίαν
1974 2468 2230 2548 τιμωρίαν

682 2556 975 2625 ποιήσεσθε.

768 2662 830 2702 17.
878 2641 1214 2717 Πυνθάνομαι
1233 2640 1287 2699 δὲ
1310 2639 1460 2698 αὐτὸν
1479 2639 1646 2717 λέγειν
1665 2642 1734 2705 ὡς
1760 2638 1934 2697 ἀσεὸῶ
1957 2638 2229 2698 καταλύων

606 2741 661 2781 ³⁶
686 2727 779 2795 τὰς
807 2729 999 2795 θυσίας.
1081 2727 1225 2805 Ἐγὼ
1268 2727 1310 2785 δ’
1343 2729 1387 2784 εἷ
1417 2727 1510 2803 μὲν
1548 2726 1731 2801 νόμους
1778 2727 1947 2797 ἐτίθην
1993 2727 2111 2804 περὶ
2139 2731 2231 2797 τῆς

688 2817 1015 2894 ἀναγραφῆς,
1069 2814 1307 2892 ἡγούμην
1354 2811 1414 2869 ἂν
1455 2812 1638 2880 ἐξεῖναι
1687 2812 1982 2892 Νικομάχῳ
2016 2818 2230 2871 τοιαῦτα

688 2902 849 2958 εἰπεῖν
874 2900 995 2979 περὶ
1015 2902 1158 2976 ἐμοῦ·
1186 2905 1274 2957 νῦν
1304 2899 1356 2957 δὲ
1377 2900 1479 2965 τοῖς
1506 2901 1689 2965 κοινοῖς
1716 2899 1807 2956 καὶ
1831 2900 2079 2974 κειμένοις
2104 2899 2229 2967 ἀξιῶ

687 2993 866 3045 τοῦτον
908 2987 1186 3045 πείθεσθαι.
1285 2986 1558 3061 Θαυμάζω
1593 2986 1647 3043 δὲ
1694 2988 1740 3044 εἷ
1782 2986 1856 3062 μὴ
1906 2990 2227 3064 ἐνθυμεῖται,

686 3070 811 3130 ὅταν
834 3072 927 3150 ἐμὲ
951 3073 1126 3154 φάσκῃ
1152 3073 1355 3131 ἀσεὸεῖν
1385 3073 1600 3149 λέγοντα
1638 3077 1706 3139 ὡς
1729 3073 1831 3151 χρὴ
1858 3072 1998 3154 ρύειν
2020 3074 2111 3140 τὰς
2139 3079 2226 3131 θυ-

688 3160 801 3229 σίας
843 3160 933 3227 τὰς
977 3164 1035 3219 ἐκ
1061 3166 1163 3219 τῶν
1192 3159 1421 3240 κύρὸεων
1453 3162 1543 3219 καὶ
1583 3164 1685 3219 τῶν
1727 3164 1930 3231 στηλῶν
1976 3162 2112 3218 κατὰ
2139 3160 2229 3226 τὰς

688 3248 987 3328 συγγραφάς
1006 3293 1021 3320 ,
1050 3248 1128 3306 ὅτι
1150 3273 1240 3307 και
1267 3254 1358 3318 τῆς
1379 3248 1575 3315 πόλεως
1600 3250 1894 3327 κατηγορεῖ·
1935 3254 2099 3307 ταῦτα
2128 3247 2228 3327 γὰρ

685 3340 830 3411 ὖμεις
858 3334 1197 3416 ἐψηφίσασθε.

604 3448 661 3489 ω
686 3415 823 3495 ἦπου
863 3423 1058 3501 σφόδρα
1096 3422 1313 3487 ἐκείνους
1344 3425 1446 3499 ἡγῇ
1477 3424 1690 3493 ἀδικεῖν,
1718 3420 1767 3480 οι
1787 3421 1913 3478 τὰ
1891 3444 1949 3477 εκ
1977 3444 2078 3477 των
2103 3420 2225 3499 κύρ-

686 3509 818 3568 ὅεων
840 3510 992 3584 μόνον
1015 3508 1177 3566 ἔθυον.
1211 3512 1300 3586 (18)
1329 3499 1592 3580 Καίτοι,
1555 3534 1598 3566 ω
1620 3508 1795 3588 ἄνδρες
1819 3505 2082 3575 δικασταί,
2106 3529 2228 3584 περι

685 3596 946 3662 εὐσεὸείας
972 3597 1029 3653 οὐ
1060 3596 1203 3676 παρὰ
1232 3595 1539 3674 Νικομάχου
1568 3595 1670 3674 χρὴ
1703 3594 2001 3670 μανθάνειν,
2028 3593 2145 3650 ἀλλ’
2171 3595 2228 3650 ἐκ

683 3688 785 3743 τῶν
810 3682 1164 3762 γεγενημένων
1198 3692 1428 3743 σκοπεῖν.
1515 3684 1585 3742 Οἱ
1613 3683 1779 3740 τοίνυν
1808 3680 2050 3761 πρόγονοι
2077 3679 2143 3737 τὰ
2169 3683 2227 3738 ἐκ

682 3775 783 3829 τῶν
828 3771 1058 3843 κύρὸεων
1099 3769 1299 3837 θύοντες
1342 3769 1588 3845 μεγίστην
1626 3770 1715 3827 καὶ
1761 3766 2225 3843 εὐδαιμονεστάτην

677 3862 779 3917 τῶν
804 3858 1123 3927 Ἐλληνίδων
1144 3858 1238 3929 τὴν
1263 3858 1409 3915 πόλιν
1429 3857 1755 3936 παρέδωκαν,
1780 3856 1915 3914 ὥστε
1940 3854 2078 3922 ἄξιον
2102 3856 2226 3930 ἡμῖν

684 3944 777 4009 τὰς
802 3943 961 4009 αὐτὰς
1004 3943 1210 4008 ἐκείνοις
1254 3944 1429 4009 θυσίας
1465 3948 1722 4000 ποιεῖσθαι
1749 3942 1838 3999 καὶ
1883 3944 1927 3998 εἰ
1958 3940 2118 4016 μηδὲν
2160 3941 2224 3996 δι’

684 4032 845 4100 ἄλλο,
873 4035 964 4099 τ’ἧς
990 4029 1150 4108 τύχης
1192 4030 1340 4086 ἕνεκα
1368 4035 1457 4100 τῆς
1495 4029 1545 4097 ἐξ
1573 4030 1777 4088 ἐκείνων
1810 4033 1912 4085 τῶν
1953 4031 2106 4105 ἱερῶν
2148 4049 2226 4103 γε·

582 4116 985 4192 185γενημένης.
1089 4115 1171 4195 (10)
1206 4119 1329 4180 Πῶς
1359 4116 1401 4173 δ’
1440 4115 1501 4172 ἀν
1537 4140 1610 4181 τις
1640 4114 1997 4192 εὖσεὸέστερος
2032 4113 2227 4191 γένοιτο

683 4206 839 4279 ἐμοῦ,
866 4202 1003 4267 ὅστις
1042 4201 1166 4268 ἀξιῶ
1199 4205 1399 4279 πρῶτον
1438 4200 1529 4277 μὲν
1569 4202 1703 4259 κατὰ
1744 4200 1809 4258 τὰ
1836 4201 2027 4278 πάτρια
2069 4200 2225 4276 θύειν,

685 4288 862 4348 ἔπειτα
893 4288 926 4345 ἃ
956 4289 1153 4364 μαλλον
1185 4288 1432 4367 συμφέρει
1461 4293 1524 4365 τῇ
1554 4288 1731 4361 πόλει,
1763 4288 1838 4344 ἔτι
1868 4286 1920 4343 δὲ
1950 4286 1982 4342 ἃ
2015 4288 2093 4343 ὁ
2065 4292 2226 4362 οῆμος

684 4377 972 4459 ἐψηφίσατο
991 4399 1079 4432 και
1106 4376 1477 4449 δυνησόμεθα
1449 4384 1682 4431 οαπανᾶν
1706 4332 1763 4431 ἐκ
1789 4377 1890 4430 τῶν
1915 4374 2225 4452 προσιόντων

681 4463 996 4543 γρημάτων,
1048 4460 1124 4519 Συ
1168 4460 1258 4532 δέ,
1309 4487 1351 4518 ω
1386 4462 1659 4539 Νικόμαχε
1677 4506 1692 4536 ,
1740 4460 1933 4517 τούτων
1978 4460 2224 4517 τάναντία

682 4550 987 4621 πεποίηκας·
1013 4548 1314 4628 ἀναγράψας
1341 4547 1439 4625 γὰρ
1472 4519 1634 4605 πλείω
1663 4551 1763 4605 τῶν
1799 4546 2224 4626 προσταχθέντων

632 4662 659 4700 ⁶
686 4639 847 4704 αἴτιος
864 4635 1138 4715 γεγένησαι
1161 4634 1226 4692 τὰ
1255 4635 1533 4713 προσιόντα
1562 4657 1812 4713 χρηματα
1843 4637 1911 4699 εἰς
1937 4658 2103 4691 ταυτα
2133 4634 2226 4710 μὲν

683 4727 1077 4794 ἀναλίσκεσθαι,
1112 4727 1161 4782 ἐν
1199 4724 1252 4782 δὲ
1296 4733 1408 4790 ταῖς
1441 4724 1672 4802 πατρίοις
1700 4724 1896 4789 θυσίαις
1918 4724 2217 4784 ἐπιλείπειν.

686 4816 775 4891 (20)
803 4814 1005 4873 Αὐτίκα
1034 4812 1247 4891 πέρυσιν
1270 4811 1384 4889 ἳερα
1415 4810 1575 4869 ἄθυτα
1603 4815 1753 4889 τριῶν
1788 4811 2055 4869 ταλάντων
2084 4810 2226 4886 γεγέ·

681 4924 833 4969 νηται
877 4904 977 4958 τῶν
1024 4902 1075 4956 ἐν
1106 4907 1227 4972 ταῖς
1266 4898 1477 4977 κύρὸεσι
1509 4896 1899 4976 γεγραμμένων.
1985 4896 2094 4954 Καὶ
2130 4898 2226 4973 οὐχ

681 4977 785 5043 οἷόν
814 5009 867 5043 τε
898 4986 1057 5043 εἷπειν
1084 4989 1151 5050 ὡς
1174 4986 1272 5062 οὐχ
1310 4983 1463 5041 ἱκανὰ
1493 4975 1622 5041 εἶναι
1663 4985 1924 5062 προσῆλθε
1959 4988 2023 5061 τῇ
2059 4982 2225 5040 πόλει·

682 5075 728 5129 εἰ
755 5096 854 5150 γαρ
882 5064 1025 5137 οἶτος
1054 5071 1125 5148 μὴ
1156 5072 1318 5130 πλείω
1349 5072 1633 5150 ἀνέγραψεν
1661 5071 1710 5138 ἓξ
1741 5070 2044 5139 ταλάντοις,
2072 5071 2142 5135 εἴς
2170 5092 2223 5125 τε

681 5183 773 5226 τας
801 5158 975 5223 θυσίας
1005 5158 1095 5225 τὰς
1121 5158 1365 5235 πατρίους
1388 5156 1450 5214 ἂν
1476 5158 1716 5237 ἐξηρκεσε
1743 5156 1830 5214 καὶ
1859 5159 1974 5235 τρία
1997 5155 2222 5213 τάλαντα

684 5246 745 5303 ἂν
769 5245 1167 5326 περιεγένετοτῇ
1195 5245 1361 5304 πόλει.
1449 5246 1580 5326 Περὶ
1611 5244 1664 5304 δὲ
1698 5248 1797 5303 τῶν
1830 5243 2110 5324 εἰρημένων
2135 5241 2224 5300 καὶ

604 5353 656 5392 ιο
683 5332 946 5412 μάρτυρας
968 5333 1089 5408 ὑμῖν
1111 5331 1425 5411 παρέξομαι.

1691 694 1968 756 Artior
2008 694 2058 754 Ο
2102 695 2308 755 ΚΑΤΑ
2351 698 2828 764 ΝΙΚΟΜΑΧΟΥ.

1280 3333 1509 3394 Ἔπειτα
1543 3338 1586 3393 εἷ
1620 3340 1783 3392 ταῦτα
1807 3333 2025 3409 νομίζεις
2051 3334 2188 3390 δεινά
2207 3378 2224 3409 ,
2267 3340 2270 3351 “

3591 710 3871 792 (tw-⁸⁶}

2323 833 2459 894 setis,
2476 836 2605 897 quod
2619 850 2805 886 eosnon
2818 838 2881 887 ob
2896 837 3106 901 ipsorum
3120 839 3500 904 improbitatem,
3516 843 3603 893 scd
3615 857 3680 895 ex
3690 848 3880 909 privatis

2324 910 2528 960 dissidiis
2551 912 2901 965 interimerunt.
2990 918 3092 978 (14)
3115 920 3280 980 ltaque
3302 919 3343 968 si
3374 920 3437 969 ad
3454 920 3567 969 11ωο
3594 924 3879 985 respondem

2322 990 2575 1051 suscipiat,
2600 991 2648 1039 id
2677 991 2913 1042 duntaxat
2930 994 3262 1057 recordemini,
3294 997 3444 1046 istum
3468 1000 3520 1048 in
3553 1000 3642 1049 tali
3669 1003 3882 1063 tempore

2322 1066 2571 1127 protulisse
2602 1067 2754 1130 legem
2773 1070 2822 1117 in
2836 1083 2932 1131 quo
2956 1071 3221 1133 respublica
3241 1072 3463 1123 inclinari
3482 1075 3632 1138 coepit
3644 1113 3661 1137 ,
3681 1081 3731 1127 et
3750 1083 3804 1127 ut
3826 1079 3883 1129 iis

2321 1145 2665 1206 gratificaretur
2691 1148 2775 1208 qui
2799 1147 3144 1199 democratiam
3166 1154 3474 1214 everterunt,
3495 1156 3646 1216 atque
3676 1155 3797 1205 adeo
3813 1158 3881 1206 illi

2321 1223 2504 1271 senatui
2538 1237 2634 1271 una
2664 1237 2777 1273 cum
2812 1225 3033 1287 legitimis
3052 1227 3292 1288 judicibus
3316 1230 3569 1290 judicandi
3601 1235 3878 1293 potestaten

2283 1324 2284 1327 =
2323 1300 2594 1351 conciliasse
2607 1338 2622 1362 ,
2648 1303 2696 1350 in
2722 1317 2819 1364 quo
2833 1308 3034 1366 Satyrus
3045 1307 3092 1353 et
3106 1308 3344 1357 Chrenion
3361 1309 3630 1370 plurimum
3646 1312 3879 1372 valebant,

2281 1393 2283 1399 ·
2322 1381 2371 1429 et
2398 1392 2426 1426 a
2453 1393 2549 1441 quo
2581 1381 2978 1445 strombichides,
3012 1384 3272 1446 Calliades,
3295 1385 3475 1448 aliique
3495 1387 3612 1437 boni
3635 1390 3685 1438 et
3705 1393 3879 1441 strenui

2323 1455 2449 1503 cives
2469 1456 2737 1517 interempti
2761 1459 2889 1505 sunt.

2388 1532 2460 1575 15.
2499 1531 2558 1577 Et
2580 1530 2639 1577 de
2662 1529 2735 1579 his
2760 1531 2901 1579 rebus
2926 1530 3116 1580 nullum
3150 1533 3364 1582 fecissem
3399 1533 3643 1595 verbum,
3665 1535 3716 1583 ni
3740 1537 3879 1585 istum

2322 1616 2758 1669 animadvertissem
2791 1624 2964 1683 praeter
2983 1622 3066 1684 jus
3084 1636 3145 1672 ex
3177 1624 3335 1673 studio
3359 1637 3450 1673 suo
3474 1625 3524 1673 in
3546 1627 3782 1688 populum
3809 1641 3878 1677 sa·

2323 1711 2473 1760 lutem
2509 1714 2736 1775 consequi
2768 1715 2916 1777 velle,
2961 1716 3159 1779 ejusque
3197 1717 3342 1766 studii
3391 1718 3514 1768 illud
3547 1724 3878 1782 argumentum

2323 1805 2534 1865 praebere
2553 1806 2680 1867 quod
2707 1807 2756 1855 in
2775 1808 2973 1858 exilium
2993 1810 3234 1873 profectus
3266 1812 3344 1860 sit.
3409 1814 3478 1861 At
3511 1826 3602 1875 ego
3623 1814 3744 1865 alios
3765 1830 3880 1878 pra-

2322 1895 2450 1943 terea
2469 1896 2678 1956 proferre
2695 1898 2869 1959 possim
2889 1899 2968 1960 qui
2989 1900 3207 1961 quamvis
3223 1914 3419 1963 operam
3439 1904 3662 1964 tyrannis
3677 1905 3737 1953 ad
3757 1919 3881 1956 ever·

2322 1988 2513 2037 tendam
2533 2003 2682 2052 remp.
2704 1992 2927 2041 navarint
2939 2029 2954 2054 ,
2977 1994 3139 2042 tamen
3162 1995 3337 2056 partim
3356 1996 3587 2047 trucidati
3601 2034 3618 2060 ,
3637 2000 3812 2061 partim
3830 2000 3877 2050 in

2322 2082 2517 2130 exilium
2543 2086 2637 2131 acti
2662 2084 2783 2146 sint,
2815 2099 2844 2133 a
2865 2085 3203 2138 dominationis
3230 2094 3361 2139 certe
3395 2091 3642 2141 consortio
3675 2093 3872 2143 exclusi.

2322 2180 2480 2233 Quare
2497 2190 2594 2226 non
2613 2177 2746 2228 decet
2767 2179 2912 2229 istum
2928 2194 2985 2230 ea
3000 2181 3271 2233 defensione
3289 2183 3530 2246 adjuvari.
3575 2189 3678 2249 (16)
3697 2190 3879 2240 Vestro

2322 2270 2447 2317 enim
2473 2271 2595 2332 fugae
2620 2270 2661 2319 is
2687 2285 2822 2321 suam
2849 2275 3053 2325 contulit
3083 2289 3306 2339 operam;
3331 2278 3482 2340 ipsius
3511 2286 3677 2332 autem
3701 2284 3876 2334 reditas

2322 2364 2524 2424 populus
2546 2365 2678 2414 solus
2711 2368 2880 2417 auctor
2915 2369 3113 2418 exstitit.
3176 2372 3249 2420 Ad
3277 2372 3417 2436 liaec,
3439 2375 3662 2439 iniquum
3697 2379 3872 2429 foretd

2321 2470 2486 2506 eorum
2509 2471 2618 2519 quae
2648 2458 2828 2508 invitus
2857 2461 3084 2522 pertulit,
3108 2461 3185 2511 isti
3208 2463 3427 2514 habeatis
3457 2468 3686 2530 gratiam;
3705 2472 3753 2519 et
3769 2484 3871 2533 qma

2320 2556 2446 2605 idem
2467 2558 2614 2608 libens
2633 2562 2949 2623 perpetravit,
2974 2576 3140 2612 eorum
3164 2577 3331 2626 poenas
3352 2579 3453 2616 non
3481 2571 3758 2631 reposcatis.

2386 2658 2458 2703 17.
2496 2656 2650 2704 Audio
2677 2659 2837 2706 autem
2861 2658 3008 2708 istum
3038 2659 3298 2721 praedicare
3321 2663 3452 2724 quod
3482 2665 3740 2727 impietatis
3765 2681 3865 2718 mus

2319 2731 2409 2779 sim
2445 2735 2636 2793 propter
2653 2747 2786 2782 sacra
2817 2736 3010 2784 abolita.
3077 2739 3175 2799 Ego
3207 2751 3322 2787 vero
3346 2739 3385 2788 si
3418 2741 3545 2802 leges
3570 2744 3780 2794 tulissem
3810 2745 3865 2796 do

2319 2811 2586 2872 sumptibus
2611 2812 2658 2860 in
2677 2826 2808 2861 sacra
2827 2814 3078 2876 faciendis,
3103 2816 3358 2866 arbitrarer
3376 2818 3571 2869 licuisse
3591 2822 3862 2872 Nicomacho

2321 2887 2425 2935 haec
2454 2888 2504 2937 in
2535 2901 2612 2936 me
2642 2890 2865 2939 effutire:
2889 2904 3015 2940 nunc
3037 2896 3197 2942 autem
3234 2896 3576 2946 communibus
3606 2902 3654 2947 et
3679 2902 3859 2962 receptis

2321 2963 2499 3025 legibus
2517 2978 2685 3014 censeo
2708 2979 2822 3015 eum
2841 2966 3017 3018 debere
3037 2970 3248 3031 obsequi.
3319 2974 3548 3022 ceterum
3567 2976 3713 3025 miror
3730 2978 3855 3026 istum

2279 3047 2280 3055 ¹
2319 3054 2413 3087 non
2427 3041 2823 3102 animadvertere,
2841 3058 2992 3105 quum
3010 3059 3084 3095 me
3100 3047 3354 3108 impietatis
3372 3049 3617 3101 insimulat
3631 3058 3852 3115 proptera

2319 3119 2446 3179 quod
2472 3133 2606 3168 sacra
2631 3135 2691 3168 ex
2718 3122 2940 3183 cyrbibus
2959 3127 3008 3172 et
3028 3125 3157 3173 stelis
3180 3125 3378 3175 definita
3394 3164 3410 3187 ,
3434 3129 3578 3190 juxta
3598 3133 3849 3194 pra-scripu

2319 3196 2465 3245 literis
2493 3198 2792 3259 consignata,
2828 3201 3044 3250 facienda
3073 3215 3176 3252 esse
3202 3209 3540 3268 pronuntiem,
3572 3210 3700 3272 quod
3727 3211 3844 3260 simul

2320 3275 2586 3323 universam
2620 3276 2862 3324 civitatem
2887 3277 3128 3327 insimulet
3154 3294 3166 3326 :
3188 3280 3293 3329 11ωο
3323 3284 3453 3331 enim
3483 3297 3567 3334 vos
3593 3287 3676 3347 ipsi
3705 3287 3838 3336 decre·

2322 3356 2467 3404 iistis.
2523 3356 2728 3416 Deinde,
2749 3358 3062 3420 Nicomaclie„
3088 3360 3126 3408 si
3147 3360 3253 3409 11ωο
3275 3376 3388 3423 quae
3411 3366 3603 3425 postulo
3625 3368 3836 3428 reprehm·

2317 3437 2473 3485 denda
2491 3451 2591 3487 esse
2609 3437 2873 3500 existimes,
2895 3443 3025 3489 certe
3044 3441 3196 3489 multo
3219 3444 3371 3503 magis
3389 3458 3472 3493 eos
3493 3446 3744 3508 culpandos
3758 3459 3832 3496 me

2314 3520 2548 3580 judicabis
2565 3520 2648 3581 qui
2667 3534 2800 3568 sacra
2829 3522 3093 3571 secundum
3114 3523 3284 3584 cyrbes
3307 3525 3612 3575 solummodo
3634 3528 3826 3577 fecerunt.

2319 3604 2416 3661 (18)
2444 3605 2693 3660 Attamen,
2713 3601 2922 3662 judices,
2950 3617 3044 3650 non
3064 3616 3092 3650 a
3113 3603 3405 3653 Nicomacho
3441 3608 3661 3667 pietatem
3681 3610 3825 3658 edicere

2272 3688 2276 3699 ⁴*
2317 3692 2404 3726 nos
2421 3681 2634 3740 oportet,
2655 3679 2734 3726 sed
2756 3679 2891 3727 factis
2909 3679 2969 3728 de
2987 3694 3043 3727 03
3056 3678 3288 3740 judicare.
3318 3683 3525 3743 Maiores
3537 3698 3698 3747 nempe
3712 3683 3823 3734 nostri

2272 3752 2276 3763 '¹
2315 3771 2448 3806 sacra
2486 3757 2746 3806 secundum
2781 3758 2950 3818 cyrbes
2994 3757 3246 3817 facientes,
3283 3758 3409 3808 lianc
3449 3761 3684 3811 civitatem
3712 3761 3822 3809 totim

2317 3841 2516 3893 Graeciae
2558 3842 2817 3889 maximam
2853 3845 2902 3889 et
2940 3842 3361 3892 fortunatissimam
3391 3846 3529 3895 nobis
3556 3832 3817 3896 tradiderunt.

2317 3929 2475 3981 Quare
2499 3937 2585 3971 nos
2613 3923 2748 3971 decet
2771 3925 2826 3971 ut
2861 3923 3026 3995 03110111
3049 3936 3183 3971 sacra
3204 3927 3351 3986 atque
3370 3927 3440 3976 illi
3462 3930 3682 3978 faciamus
3698 3930 3731 3978 si
3746 3937 3819 3975 1111·

2316 4005 2540 4054 3113111011
2558 4018 2749 4053 causam
2763 4040 2777 4065 ,
2806 4007 2856 4052 at
2875 4005 2939 4053 ob
2959 4007 3199 4054 fortunam
3219 4010 3384 4057 tamen
3406 4023 3518 4071 quae
3534 4012 3613 4060 illa
3636 4008 3818 4060 sacrifici·

2315 4086 2618 4147 sequebatur.
2686 4086 2783 4146 (19)
2804 4084 2896 4132 Sed
2915 4084 3153 4145 quomodo
3178 4086 3351 4147 aliquis
3378 4101 3457 4137 me
3481 4091 3626 4152 magis
3640 4091 3818 4151 pius&

2318 4168 2491 4231 possit?
2505 4167 2588 4228 qui
2602 4167 2779 4215 suadeo
2793 4201 2806 4224 ,
2826 4166 2948 4227 prim
2955 4179 3035 4214 11111
3050 4179 3182 4213 sacra
3198 4168 3352 4229 patrio
3367 4182 3503 4220 more
3515 4186 3612 4222 esse
3625 4169 3813 4227 faciend⁸3

2315 4251 2485 4300 deinde
2503 4264 2558 4299 ea
2582 4264 2690 4311 quae
2714 4248 2898 4297 civitati
2925 4248 3131 4296 maxime
3148 4254 3374 4313 prosunt,
3398 4254 3503 4302 tum
3523 4268 3577 4303 ea
3593 4268 3690 4317 quae
3711 4251 3814 4303 sevit

2316 4335 2518 4397 populus
2533 4369 2548 4393 ,
2568 4344 2871 4394 quorumque
2889 4334 3107 4393 sumptus
3125 4345 3185 4379 ex
3200 4333 3431 4383 reditibus
3449 4339 3617 4386 nostris
3631 4336 3812 4399 possimi-

2316 4417 2628 4479 suppeditare.
2690 4418 2760 4463 Tu
2788 4418 2978 4475 autem,
3008 4415 3319 4477 Nicomaclie‚
3348 4418 3422 4466 liis
3443 4422 3602 4469 01111113
3625 4415 3811 4469 contraria

2316 4499 2482 4547 fecisti.
2518 4501 2636 4546 Nam
2655 4509 2803 4557 quum
2825 4496 2871 4542 in
2891 4494 3203 4555 descriptione
3225 4508 3475 4546 sacrorum
3498 4500 3629 4560 plura
3644 4493 3808 4548 radenda

2310 4583 2503 4644 jusseris
2538 4595 2682 4644 quam
2725 4594 2833 4642 quoe
2868 4583 3005 4629 crant
3044 4580 3300 4641 imperata,
3330 4582 3530 4632 effecisti
3563 4588 3637 4645 ut,
3658 4584 3749 4632 dum
3770 4577 3807 4626 in

2317 4670 2388 4717 liis
2423 4666 2559 4716 novis
2584 4666 2833 4715 facultates
2860 4667 3036 4713 nostroe
3071 4664 3457 4728 absumerentur,
3486 4666 3548 4716 ad
3575 4667 3689 4716 avita
3707 4671 3805 4727 pm·

2314 4754 2465 4817 genda
2500 4754 2616 4803 1111111
2660 4754 2941 4814 superesset.
3024 4751 3123 4813 (20)
3165 4752 3383 4813 Exempli
3419 4766 3589 4816 causa,
3619 4750 3807 4815 apen-inre

2314 4853 2439 4888 311110
2470 4852 2601 4888 sacra
2643 4837 2790 4886 trium
2813 4835 3102 4884 talentorum
3135 4849 3246 4897 quoe
3273 4836 3597 4887 inscribuntur
3624 4838 3667 4886 in
3685 4827 3804 4897 cythi-

2314 4924 2428 4982 bus,
2447 4921 2620 4970 intecta
2639 4923 2768 4968 sunt.
2832 4921 2997 4980 Neque
3018 4917 3064 4965 id
3090 4918 3237 4978 possit
3266 4918 3361 4966 dici
3387 4919 3449 4967 ad
3470 4933 3525 4969 ea
3551 4919 3726 4968 civitat&
3745 4922 3806 4962 10·

2313 5006 2441 5054 ditus
2464 5018 2559 5052 11011
2581 5002 2835 5051 suffecisse.
2901 5003 3020 5049 Nam
3041 5000 3128 5048 nisi
3153 5002 3241 5049 iste
3269 5014 3399 5049 nova
3428 5016 3561 5053 sacra
3585 4995 3811 5061 descripdv

2312 5091 2410 5145 set,
2437 5088 2484 5134 in
2507 5099 2618 5147 quoe
2642 5097 2726 5133 sex
2748 5084 2926 5131 talenta
2945 5081 3154 5144 impendi
3171 5081 3375 5144 debent,
3396 5097 3493 5133 non
3525 5080 3811 5134 moderatim

2312 5175 2372 5224 ad
2397 5186 2530 5222 sacra
2560 5170 2712 5233 patria
2740 5168 3058 5228 suffecissent,
3094 5166 3178 5215 sed
3209 5167 3356 5216 etiam
3380 5169 3472 5217 tria
3496 5170 3813 5226 talentumve·-

2314 5259 2510 5308 fuissent
2541 5256 2738 5307 civitati.
2803 5256 2960 5319 Atque
2980 5253 3154 5303 horum
3171 5265 3282 5315 quoe
3299 5265 3330 5302 a
3347 5265 3428 5304 me
3447 5252 3572 5303 dicta
3586 5253 3683 5301 1111111
3696 5246 3823 5298 testa

2312 5335 2588 5399 producam.
