4467 6542
352 643 394 715 u'
875 649 1128 712 ΑΝΤΙΦΩΝΤΟΣ
1148 653 1309 713 Tenent.
1332 655 1369 724 B,
1394 658 1419 732 β.
1799 660 1939 735 γεω-εει)

346 781 392 840 καί
412 778 450 857 μὴ
472 777 580 857 ἀληθεία
601 776 648 849 τὴν
663 776 748 858 κρίσιν
764 774 940 846 ποιήσασθαι·
959 781 976 847 ἡ
1004 776 1051 853 μὲν
1067 775 1118 856 γίιρ
1165 788 1334 849 namopinatio
1346 788 1442 850 quidem
1453 790 1660 851 rerumgestarum
1678 790 1822 840 secundatis
1836 795 1885 855 est,
1899 794 1941 856 qui

345 867 405 936 δόξα
413 871 464 926 τῶν
476 866 643 947 πραχθέντων
654 864 716 943 πρὸς
728 867 776 922 τῶν
786 864 869 939 λε’γειν
881 863 1028 939 δυναμένων
1039 864 1118 936 ἐστίν,
1165 873 1276 923 facundia
1288 875 1383 935 vatent3
1397 875 1488 924 veritas
1503 878 1584 923 autern
1602 879 1649 926 stat
1660 890 1675 924 a
1688 877 1797 939 partibus
1815 879 1941 931 hominum

344 960 361 1027 ἡ
375 954 401 1014 δί
416 954 523 1025 ἀλήθεια
535 953 599 1032 πρδς
612 957 663 1011 τῶν
672 953 759 1011 δίκαια
773 952 817 1010 καί
828 951 887 1009 ὅσια
896 951 1074 1030 πρασσόντων.
1161 959 1341 1023 justitiaeatqne
1350 962 1456 1022 religioni
1465 962 1624 1024 operantium.

383 1063 406 1102 a.
422 1042 544 1103 Ἐδόκουν
560 1041 608 1118 μὲν
621 1032 665 1099 οάν
677 1040 756 1118 ἔγωγε
770 1045 852 1097 ταῦτα
865 1038 994 1097 παιδεύων
1006 1040 1050 1098 τὸν
1063 1040 1118 1100 υἰδν
1195 1054 1218 1097 ³.
1235 1049 1364 1110 Sperabam
1377 1050 1457 1110 itaque
1467 1062 1510 1110 ego
1523 1049 1599 1097 titium
1609 1063 1689 1098 meum
1698 1050 1726 1098 iia
1736 1051 1840 1114 artioris,
1853 1053 1941 1114 quihus

344 1127 371 1197 ἰξ
386 1121 421 1187 ῶν
440 1129 556 1206 μάλιστα
577 1128 606 1187 ιδ
630 1127 713 1186 κοινδν
730 1129 883 1205 ὠφελεῖται,
901 1129 996 1203 ἀμφοῖν
1015 1151 1040 1185 τι
1054 1132 1117 1203 ἡμῖν
1163 1135 1269 1183 maxime
1279 1148 1341 1197 resp.
1352 1139 1451 1184 ornatur
1461 1172 1468 1196 ‚
1478 1135 1605 1197 erudiens,
1621 1138 1684 1198 tore,
1696 1141 1723 1185 nt
1736 1139 1808 1187 ambo
1820 1141 1940 1190 commodi

343 1217 440 1294 ἀγαθὸν
461 1215 655 1286 ἀποθήσεσθαι·
678 1214 829 1290 συμῦίόηκε
851 1214 878 1271 δέ
898 1237 942 1290 μοι
958 1214 1024 1272 πολὺ
1045 1214 1117 1295 παρά
1162 1221 1254 1283 aliquid
1275 1222 1329 1270 inde
1343 1223 1519 1285 perciperemus
1536 1242 1543 1271 ι
1562 1237 1646 1272 aerum
1662 1226 1742 1273 evenit
1763 1226 1821 1274 mitri
1843 1241 1939 1288 prorsus

303 1327 330 1368 τε
343 1304 449 1381 γνώμην
461 1301 568 1361 τούτων.
582 1305 608 1361 Τ
609 1302 622 1359 δ
631 1300 681 1380 γάρ
692 1300 824 1379 μειράκιον
837 1303 885 1379 οὐχ
898 1299 971 1378 θόρει
981 1300 1038 1359 οὐδὲ
1054 1304 1116 1360 ἀκο·
1162 1312 1246 1357 contra
1263 1311 1337 1371 atque
1349 1310 1497 1371 sperabatur.
1530 1313 1590 1359 Nam
1606 1310 1745 1361 adolescens
1761 1313 1815 1374 tric,
1829 1327 1878 1364 non
1892 1315 1934 1364 irn-

343 1393 437 1471 λασίφι,
456 1390 523 1448 ἀλλὰ
539 1391 653 1464 μελετῶν
670 1389 737 1465 μετὰ
756 1392 808 1446 τῶν
825 1390 923 1458 ι’,λίκων
937 1388 1078 1456 ἀκοντίζειν
1090 1390 1117 1446 ε’ν
1161 1398 1218 1457 peta
1232 1396 1336 1457 quodam
1346 1397 1487 1457 arrogantie
1502 1397 1539 1445 aet
1555 1398 1695 1458 petulantiae
1710 1402 1792 1464 actus,
1806 1400 1847 1449 aed
1861 1401 1886 1449 in
1898 1416 1937 1464 gy·

342 1482 380 1557 τῶ
390 1476 526 1556 γυμνασίῳ
540 1477 618 1533 ἔθαλε
630 1475 688 1551 μέν,
699 1478 746 1535 οῦκ
760 1475 893 1534 ἀπέκτεινε
907 1475 934 1533 δὲ
944 1476 1033 1534 οὐδένα
1049 1475 1117 1533 κατά
1161 1483 1253 1531 mnasio
1266 1496 1314 1531 una
1332 1496 1389 1531 cnm
1402 1483 1536 1545 equalibus
1546 1484 1655 1544 jacutnm
1675 1485 1813 1548 intorquere
1830 1488 1938 1550 discent,

341 1588 371 1645 γε
383 1563 429 1634 τὴν
442 1564 563 1634 ἀλήθειαν
574 1555 610 1621 ῶν
620 1561 737 1642 ἔπραξεν,
751 1563 830 1621 ἄλλου
844 1563 867 1619 δ’
879 1564 914 1629 εἷς
936 1562 1013 1620 αὑτὸν
1027 1562 1116 1641 ἆμαρ·
1160 1570 1276 1632 percussit
1290 1569 1387 1632 quidem
1399 1583 1446 1620 non
1457 1583 1515 1620 nero
1533 1571 1649 1620 interiecit
1659 1586 1824 1635 quemqnam,
1837 1575 1857 1623 ai
1873 1579 1938 1627 recte

342 1653 428 1718 τόντος
444 1654 478 1719 εἰς
492 1650 625 1717 ἀκουσίους
636 1651 721 1717 αἰτίας
735 1642 819 1722 ἦλθεν,
863 1651 894 1729 (ι)
910 1652 942 1709 Εἰ
958 1649 1004 1726 μὲν
1023 1650 1073 1729 γάρ
1088 1650 1117 1708 τὸ
1162 1671 1217 1720 quae
1227 1658 1309 1706 tecerit
1322 1657 1486 1720 perpenderis,
1499 1658 1541 1707 scd
1550 1658 1596 1707 aiio
1605 1659 1630 1708 in
1638 1662 1713 1708 cernet
1725 1663 1838 1721 peccante
1846 1662 1935 1713 inritus

342 1738 458 1799 ἀκόντιον
470 1737 518 1806 lico
531 1742 581 1797 τῶν
592 1736 658 1817 ὅρων
669 1741 714 1808 τῆς
723 1741 802 1795 αὑτοῦ
816 1736 919 1817 πορείας
927 1737 969 1795 ἐπὶ
977 1737 1020 1795 τὸν
1035 1739 1116 1795 παῖδα
1161 1745 1185 1792 in
1194 1745 1387 1794 crirrnnntionem
1397 1745 1471 1794 uenit.
1504 1748 1537 1806 (4)
1552 1749 1612 1795 Nam
1623 1748 1642 1795 ai
1650 1748 1758 1808 jncuinrn
1771 1752 1840 1798 extra
1850 1753 1934 1800 termi-

341 1824 470 1905 ἰζινιχθίν
486 1825 596 1906 ἔτρωσεν
607 1823 694 1896 αὐτόν,
709 1824 789 1887 οὐδεὶς
801 1828 863 1900 ἡμῖν
874 1824 948 1901 λόγος
963 1824 1116 1883 ὑπελείπετο
1160 1844 1204 1881 nos
1213 1832 1264 1892 ejus
1276 1832 1356 1881 carreni
1369 1832 1498 1895 praefinitos
1509 1836 1619 1882 erectum
1635 1832 1659 1880 in
1671 1846 1772 1895 puerum
1786 1834 1939 1896 incurrisset,

299 1936 327 1976 ao
342 1913 379 1990 μὴ
393 1919 510 1993 φονεῦσιν
529 1903 608 1971 εἰναι·
631 1917 676 1970 τοῦ
698 1910 725 1969 δὲ
740 1911 832 1977 παιδὸς
846 1910 895 1969 ὑπὸ
908 1912 955 1981 τὴν
976 1916 1021 1969 τοῦ
1040 1914 1116 1970 ἀκον-
1161 1933 1265 1981 eumque
1278 1921 1414 1980 stravisset,
1430 1921 1496 1969 nutia
1507 1920 1576 1969 nohis
1591 1921 1673 1969 relicta
1685 1921 1745 1970 taret
1755 1924 1877 1972 excusatio
1891 1938 1938 1987 qua

342 2001 399 2077 τίου
412 2000 493 2080 φοράν
512 1996 702 2078 ὑποδραμόντος
714 1997 759 2055 καί
772 1998 802 2056 τὸ
818 2001 896 2075 σῶμα
910 1997 1116 2077 προστήσαντος,
1161 2007 1679 2069 incusationemcediadepeiicremus:atqui
1688 2010 1776 2069 pnerin
1784 2011 1857 2071 jacuti
1866 2012 1940 2075 impe·

337 2092 362 2157 [i
370 2082 418 2159 μίν
427 2085 555 2163 tantum]
566 2092 612 2143 τοῦ
620 2090 716 2144 σκοποῦ
728 2089 827 2163 τυχεῖν,
838 2089 852 2142 θ
865 2084 891 2143 δὲ
899 2086 949 2142 ὑπὸ
959 2084 989 2143 τὸ
1000 2084 1116 2143 ἀκόντιον
1160 2097 1213 2143 tnm
1224 2108 1366 2144 succurrens
1375 2107 1509 2156 corpusque
1520 2095 1541 2143 ci
1555 2095 1683 2156 objiciens,
1697 2097 1826 2157 quominus
1839 2111 1938 2161 scopum

341 2173 459 2234 ῦπιλθδιν
473 2173 585 2245 teitan,
604 2172 651 2232 καί
662 2172 708 2244 τὴν
722 2173 809 2232 αἰτίαν
824 2174 874 2250 οὐχ
890 2171 1019 2251 ἡμετέραν
1037 2164 1117 2232 οὖσαν
1159 2181 1220 2230 aiter
1233 2182 1314 2231 teriret
1322 2181 1449 2243 impedivit
1457 2217 1465 2242 ‚
1476 2182 1525 2244 ipse
1533 2195 1591 2230 vero
1605 2183 1630 2230 in
1641 2182 1683 2231 teti
1694 2183 1830 2244 conjectum
1840 2187 1939 2235 veniens

342 2261 503 2341 προσίόαλεν
513 2261 586 2336 ἡμῖν.
632 2260 662 2335 (ιι)
672 2258 721 2320 Διά
737 2260 764 2317 δὲ
781 2259 828 2330 τὴν
836 2257 992 2336 ’ὑποδρομὴν
1009 2258 1116 2338 βληθέν·
1160 2282 1286 2331 percussus
1293 2272 1342 2330 eet,
1352 2269 1453 2333 ideoque
1461 2269 1651 2318 criminationem
1663 2270 1732 2319 notris
1744 2272 1827 2323 attulit
1837 2274 1895 2322 nitrit
1905 2274 1937 2322 ad

341 2372 384 2416 τος
392 2354 437 2407 τοῦ
447 2348 548 2417 παιδός,
558 2346 589 2405 τ“ο
598 2346 645 2424 μίν
658 2347 791 2426 μειράκιον
800 2348 829 2404 οὐ
842 2344 946 2411 δικαίως
955 2347 1118 2404 ἐπικαλεῖται
1161 2369 1204 2405 nos
1213 2358 1378 2418 pertinentem.
1392 2357 1426 2417 (5)
1440 2358 1507 2405 Patet
1516 2356 1752 2418 ergoadoieacentem
1765 2358 1852 2419 injuria
1866 2360 1939 2410 cedia

344 2440 352 2512 t
366 2435 457 2495 οὐδένα
469 2434 520 2514 γὰρ
535 2433 613 2492 ίδαλε
625 2437 677 2491 τῶν
694 2434 748 2491 ἀπὸ
762 2438 807 2490 τοῦ
818 2437 916 2490 σκοποῦ
931 2432 1117 2511 ἀφεστώτων),
1162 2443 1359 2505 insimulari‚qui
1366 2444 1486 2492 neminem
1496 2457 1579 2492 eorum
1593 2444 1702 2492 omnium
1715 2446 1790 2507 feriit,
1800 2447 1841 2508 qui
1853 2448 1936 2508 procui

342 2525 356 2579 ὁ
371 2522 399 2580 δὲ
418 2522 479 2587 παῖς
499 2520 572 2600 εἴπερ
585 2519 664 2586 ἑστὼς
677 2518 785 2599 φανερὸς
800 2523 860 2595 ὑμῖν
872 2518 928 2577 ἐστί
942 2518 979 2593 μὴ
999 2516 1122 2595 βληθείς,
1163 2534 1253 2579 anneta
1269 2531 1322 2579 ioco
1335 2544 1380 2579 sno
1390 2530 1558 2580 constiterunt.
1591 2534 1652 2580 Puer
1661 2532 1750 2594 itaque,
1760 2535 1779 2582 si
1789 2534 1877 2595 pariter
1886 2535 1938 2585 Ιοοο

303 2638 330 2675 ,τε
342 2608 463 2674 ἑκουσίως
483 2608 534 2666 θπδ
554 2607 600 2678 τὴν
624 2607 706 2688 φοράν
731 2611 776 2665 τοῦ
797 2605 915 2664 ἀκοντίου
939 2607 1055 2664 ὑπελθὼν
1079 2605 1117 2664 ἔτι
1163 2630 1208 2666 eno
1222 2619 1528 2680 stansmanaiaset‚precui
1546 2618 1766 2669 omnidubioictne
1780 2634 1828 2669 non
1841 2622 1936 2683 taimen

342 2694 506 2777 σαριστίρως
522 2696 645 2766 δηλοῦται
659 2693 701 2753 td
716 2692 764 2765 τδν
778 2696 856 2751 αὑτοῦ
870 2692 1003 2771 ἁμαρτίαν
1016 2696 1117 2752 ἀποθα·
1162 2718 1200 2754 ree
1211 2709 1247 2755 est
1259 2706 1400 2768 μεταγνῶναι
1411 2705 1452 2754 sert
1461 2706 1538 2754 mutto
1547 2705 1627 2754 adhuc
1642 2708 1759 2768 magtseat
1769 2708 1937 2771 perspicuum,

341 2782 409 2841 νῶν·
424 2784 453 2841 οῦ
467 2781 517 2862 γδιρ
531 2781 562 2840 ἀν
576 2782 675 2853 ἱδλήθη
688 2780 835 2862 ἀτρεμίζων
845 2780 891 2839 καὶ
905 2779 942 2854 μί,
959 2781 1114 2860 διατρὲχων.
1161 2806 1217 2842 eum
1231 2795 1326 2841 suomet
1335 2806 1417 2842 errore
1430 2793 1556 2853 cecidisse;
1567 2806 1624 2842 nam
1637 2794 1761 2855 aiquietus
1772 2798 1797 2843 et
1807 2796 1936 2846 immobilia

342 2869 373 2947 (ε)
387 2869 519 2929 ’ἀκουσίου
531 2868 558 2928 δί
571 2875 615 2928 τοῦ
626 2870 702 2949 φόνου
718 2869 746 2937 ἰξ
763 2872 859 2947 ἀμφοῖν
871 2871 931 2944 ὑμῖν
941 2869 1116 2945 θμολογουμί·
1161 2882 1227 2929 stans
1234 2880 1259 2928 in
1267 2881 1369 2929 statione
1381 2893 1425 2928 aua
1438 2880 1625 2944 perseverasset,
1641 2881 1703 2929 ictus
1713 2894 1761 2930 non
1773 2883 1866 2932 inisset.
1899 2884 1934 2946 (o)

342 2983 386 3018 νου
399 2957 531 3035 γινίσθαι,
544 2960 574 3017 ἰκ
587 2955 785 3035 τῆςάμαρτίας,
800 2955 923 3033 ὁποτέρου
935 2956 1018 3012 αὐτῶν
1035 2958 1116 3036 ἐστίν,
1161 2967 1209 3017 sed
1224 2967 1339 3029 quoniam
1354 2969 1437 3015 contm
1455 2967 1581 3029 utriusque
1595 2966 1746 3016 rolrrntatem
1757 2968 1871 3018 accidisse
1888 2981 1936 3019 cre·

343 3046 381 3104 let
392 3069 422 3124 γε
436 3044 592 3157 σαφέστερον
610 3044 668 3102 ἀνθ
687 3044 775 3123 φονεὺς
787 3042 931 3121 ἐλεγχθείη.
972 3040 1010 3101 (ti
1021 3067 1049 3101 τε
1066 3045 1117 3123 γὰρ
1160 3054 1216 3104 dem
1232 3056 1294 3104 inter
1309 3054 1414 3115 nosjam
1429 3055 1554 3111 convenit,
1570 3067 1637 3104 error
1653 3054 1936 3117 cujusnamtueritquar-

344 3132 536 3214 ἁμαρτάνοντες
546 3156 582 3190 ων
594 3129 625 3190 διν
640 3129 797 3202 ἐπινοήσωσί
810 3155 835 3189 τι
847 3131 954 3209 δρᾶσαι,
966 3121 1035 3188 οἷτοι
1047 3132 1117 3209 πρά·
1161 3156 1256 3202 ramum
1273 3142 1330 3191 inde
1347 3142 1412 3191 enim
1429 3140 1563 3190 euidentius
1580 3141 1660 3189 adhuc
1678 3140 1798 3190 homicida
1814 3149 1936 3205 arguatur.

342 3243 430 3299 κτορις
439 3223 490 3277 τῶν
502 3219 628 3277 ἀκουσίων
640 3217 717 3275 εἰσίν·
730 3220 754 3276 οἱ
770 3219 797 3275 δὲ
812 3216 928 3275 ἑκούσιόν
940 3241 966 3276 τι
980 3218 1116 3298 δρῶντιςῆ
1160 3231 1257 3279 sciticet
1273 3230 1343 3291 siqui
1356 3232 1380 3278 in
1389 3228 1503 3290 agendoa
1516 3228 1638 3290 proposito
1650 3241 1695 3277 suo
1711 3229 1838 3290 aberrant,
1852 3231 1869 3279 ii
1881 3231 1936 3280 sunt

300 3334 328 3371 40
342 3306 501 3386 πάσχοντες,
510 3297 580 3364 οῦτοι
590 3308 641 3363 τῶν
651 3305 814 3382 παθημάτων
825 3303 902 3362 αἴτιοι
914 3305 1036 3384 γίνονται.
1081 3309 1113 3383 (7)
1160 3318 1285 3366 ettectorea
1303 3330 1384 3365 rerum
1402 3316 1634 3377 involuntariarum3
1647 3317 1731 3364 contra
1746 3316 1789 3379 qut
1803 3318 1936 3367 voluntarie

341 3394 382 3453 Τὸ
393 3392 441 3469 μὲν
457 3391 538 3449 τοίνυν
554 3391 688 3470 μειράκιον
706 3392 766 3472 περὶ
785 3391 875 3449 οὐδένα
894 3393 1011 3472 ἥμαρτεν
1030 3395 1113 3452 οὐδέν’
1160 3405 1250 3467 aliquid
1262 3404 1299 3452 ret
1318 3404 1408 3451 iaciunt
1422 3405 1460 3452 rel
1474 3403 1526 3452 sieri
1540 3404 1674 3464 patiuntur,
1695 3403 1711 3451 ii
1730 3407 1840 3454 auctores
1853 3419 1936 3454 eorum

342 3477 646 3559 οὕτεγίιράπειρημίνον,
659 3476 726 3558 ἀλλά
737 3478 963 3556 προστεταγμένον
970 3478 1116 3554 ἐξεμελέτα,
1160 3505 1216 3553 qum
1225 3492 1286 3540 tiunt
1297 3489 1423 3538 habentur.
1457 3492 1490 3552 (7)
1499 3493 1554 3539 tarn
1567 3489 1704 3539 adolescens
1715 3504 1785 3541 mens
1797 3493 1863 3541 nutta
1876 3494 1934 3543 rein

341 3564 400 3624 οὔτε
414 3568 440 3624 ἐν
453 3563 664 3644 γυμναζομένοις,
688 3565 747 3622 ἀλλ’
764 3566 790 3622 ἰν
810 3568 843 3642 τῇ
862 3568 914 3622 τῶν
933 3566 1116 3633 ἀκοντιζόντων
1161 3578 1299 3641 quempiam
1319 3577 1436 3639 peccavit.
1469 3577 1603 3626 Exercebat
1618 3581 1696 3626 artem
1714 3591 1762 3627 non
1784 3579 1936 3630 interdictam

341 3654 411 3721 τάξει
431 3655 573 3726 ἠκόντιζεν,
592 3652 650 3712 οὔτε
668 3657 712 3711 τοῦ
732 3658 829 3710 σκοποῦ
852 3651 986 3731 ἁμαρτών,
1005 3656 1041 3719 εἰς
1060 3654 1116 3721 τοὺς
1160 3666 1221 3725 sibi,
1240 3663 1281 3714 aed
1299 3666 1456 3725 imperatam;
1470 3677 1517 3713 non
1527 3663 1677 3724 jaculabatur
1693 3664 1754 3714 inter
1766 3665 1937 3717 luctanteeacd

340 3744 490 3821 ἀφεστῶτας
502 3740 651 3813 ἀκοντίσας,
664 3745 709 3798 τοῦ
720 3740 811 3807 παιδδς
834 3740 932 3819 ἔτυχεν,
954 3739 1021 3798 ἀλλά
1032 3742 1116 3801 πάντα
1162 3754 1186 3802 in
1202 3752 1363 3814 lectitantium
1376 3751 1485 3812 agruine3
1500 3764 1579 3813 neque
1592 3764 1606 3799 a
1619 3753 1681 3799 meta
1698 3750 1813 3802 aberrans
1829 3753 1935 3813 jaculum

341 3826 421 3906 ὀρθῶς
442 3832 477 3895 ὡς
496 3829 594 3887 ἐπενόει
612 3830 679 3908 δρῶν
699 3828 792 3907 ἔδρασε
816 3828 864 3905 μὲν
887 3829 959 3886 οὐδὲν
984 3828 1116 3907 ἀκοόσιον,
1161 3840 1185 3889 in
1204 3840 1319 3888 distantes
1337 3839 1484 3900 detorquens
1501 3851 1602 3900 puerum
1621 3837 1702 3899 teriit,
1716 3839 1757 3888 ned
1777 3842 1841 3889 recte
1856 3842 1937 3890 omnia

292 3914 423 3974 Ι22ἔπαθε
437 3915 465 3973 δὲ
476 3917 642 3982 διακωλυθεὶς
653 3920 698 3973 τοῦ
707 3921 804 3973 σκοποῦ
814 3924 912 3993 τυχεῖν.
930 3918 959 3991 (a)
972 3915 1006 3975 Ὁ
1019 3916 1046 3974 δὲ
1056 3921 1117 3983 παῖς
1162 3928 1197 3975 uti
1216 3929 1373 3989 proposuerat
1388 3926 1432 3974 sibi
1449 3938 1581 3988 peragens,
1598 3927 1681 3973 contra
1699 3926 1849 3977 voluntatem
1868 3942 1936 3979 auara

343 4001 495 4079 βουλόμενος
507 4003 676 4081 προδραμεῖν,
693 4007 738 4059 τοῦ
764 4002 857 4079 χρόνον
880 4002 1031 4081 διαμαρτὼν
1051 3997 1117 4083 ivr}
1162 4014 1218 4063 iecit
1237 4014 1310 4074 nituit,
1328 4026 1412 4061 verum
1433 4025 1515 4074 passus
1537 4015 1589 4073 eet,
1610 4025 1687 4074 quum
1703 4026 1803 4075 eropum
1822 4016 1938 4079 attingere

341 4087 483 4167 διατρίχων
498 4090 544 4145 οὐκ
561 4087 592 4145 ἀν
606 4087 718 4163 ἐπλήγη,
732 4088 884 4165 περιέπεσεν
899 4078 935 4151 οἷς
950 4089 997 4144 οῦκ
1016 4087 1116 4160 ἤθελεν,
1162 4100 1334 4161 prohiberetur.
1353 4102 1387 4161 (Β)
1401 4102 1462 4149 Puer
1471 4102 1552 4149 autem
1561 4136 1568 4160 ‚
1577 4102 1663 4161 praeter
1676 4103 1766 4149 metam
1774 4103 1937 4153 transcurrere

342 4176 469 4241 ἀκουσίως
486 4174 514 4233 δί
534 4172 660 4253 ἁμαρτὼν
680 4176 715 4239 εἰς
733 4173 824 4230 ίαυτδν
847 4171 953 4238 οἰκείαις
975 4184 1118 4254 συμφοραῖς
1161 4186 1359 4247 rotens,errabat
1370 4188 1395 4235 in
1406 4186 1547 4237 estimando
1560 4188 1854 4249 tempore‚quoiicuiseet
1866 4189 1937 4239 atieni

340 4262 482 4343 κίχρηται,
493 4266 539 4333 τῆς
555 4260 578 4319 δ’
593 4260 723 4338 ἁμαρτίας
734 4261 943 4338 τετιμωρημένος
958 4261 1048 4319 ἑαυτὸν
1063 4262 1117 4341 ἔχει
1162 4274 1229 4322 cairo
1237 4277 1414 4335 transcurrere;
1426 4274 1508 4323 incidit
1518 4275 1599 4335 itaque
1607 4273 1631 4321 in
1646 4274 1737 4323 malum
1749 4275 1936 4326 inroiuntarium

341 4350 389 4422 τὴν
397 4350 480 4421 δίκην,
486 4352 515 4408 οὗ
525 4347 705 4425 συνηδομένων
713 4346 762 4424 μίν
773 4346 831 4406 οὐδὲ
839 4346 1024 4405 συνεθελόντων
1033 4353 1117 4424 ἡμῶν,
1162 4363 1186 4409 et
1202 4361 1292 4410 invitus
1303 4361 1328 4410 in
1339 4364 1414 4410 cernet
1429 4362 1505 4424 ipsum
1517 4373 1617 4423 parrana
1627 4360 1718 4409 cladem
1731 4361 1802 4411 istam
1809 4363 1854 4412 eibi
1863 4378 1937 4414 arceo

341 4436 538 4516 συναλγούντων
552 4435 579 4495 δὲ
593 4436 638 4495 καί
652 4436 879 4511 συλλυπουμένων.
920 4437 976 4508 Τῆς
988 4436 1015 4494 δὲ
1030 4438 1116 4516 ἁμαρ·
1161 4447 1231 4509 sirit,
1242 4448 1376 4510 errorisque
1387 4451 1460 4497 semet
1477 4448 1528 4510 ipse
1538 4447 1603 4496 uitae
1620 4447 1686 4495 dedit
1698 4460 1781 4510 φασιν
1799 4468 1805 4498 :
1819 4451 1938 4501 nottemue

313 4556 325 4592 r,
340 4526 398 4593 τίας
416 4528 452 4592 εἰς
467 4530 556 4584 τοῦτον
569 4522 682 4594 ἡκούσης
696 4523 724 4581 εδ
741 4522 814 4602 ἔργον
827 4526 876 4602 οὐχ
889 4522 1025 4603 ἡμέτερον,
1049 4523 1117 4583 ἀλλά
1162 4536 1267 4596 tactum,
1284 4536 1324 4585 eui
1336 4537 1442 4597 protecto
1457 4549 1505 4584 non
1526 4534 1717 4595 utracunque
1736 4536 1815 4597 potina
1836 4537 1936 4600 ingemi·

341 4618 387 4671 τοῦ
399 4610 587 4690 ἰζαμαρτόντος
604 4607 674 4683 ἐστί,
688 4608 718 4667 τά
734 4633 761 4667 τε
776 4610 856 4676 πάθος
876 4613 911 4677 εἰς
924 4610 968 4669 τὸν
985 4611 1117 4689 δράσαντα
1161 4623 1259 4671 scimus.
1292 4623 1400 4684 Atcntpa
1410 4623 1497 4671 erroris
1514 4622 1555 4683 qni
1572 4620 1673 4670 exitium
1688 4622 1781 4680 attufit.
1793 4636 1842 4672 non
1856 4628 1937 4674 nostm

342 4700 414 4759 ίλθδν
433 4704 505 4777 ἡμᾶς
524 4698 571 4776 μὲν
587 4697 696 4756 ἀπολύει
713 4701 759 4769 τῆς
778 4698 878 4771 αἰτίας,
891 4697 934 4756 τὸν
946 4698 972 4757 δί
985 4698 1117 4777 δράσαντα
1161 4713 1207 4771 est,
1223 4709 1326 4771 sedejus
1341 4710 1382 4772 qui
1398 4710 1517 4758 commisit
1528 4721 1598 4767 enm;
1612 4708 1753 4770 malumque
1771 4709 1796 4757 in
1813 4713 1936 4761 auctorem

342 4786 446 4854 δικαίως
457 4786 513 4864 ἀμα
527 4791 560 4865 τῇ
575 4784 632 4862 όμα
667 4783 887 4865 ίορτετιμώρηται.
916 4785 1076 4863 (ν)Ἀπολόει
1089 4787 1115 4846 δί
1161 4798 1270 4846 relabens
1287 4797 1468 4847 nosacrimine
1482 4796 1599 4855 absolvit,
1615 4795 1640 4843 in
1660 4795 1711 4858 ipae
1729 4795 1818 4846 erroris
1835 4798 1937 4849 articulo

341 4874 411 4934 καίθ
425 4874 502 4948 νόμος
520 4880 606 4948 ἡμᾶς,
620 4808 797 4952 ιγίτπιατιόων,
812 4871 923 4950 εἴργοντι
937 4874 1003 4949 μήτε
1021 4875 1116 4941 ἀδίκως
1161 4885 1191 4934 ah
1204 4886 1303 4934 auctore
1319 4884 1592 4946 autempmnaeexeqit.
1627 4886 1661 4948 (θ)
1676 4884 1724 4935 Sed
1739 4885 1938 4948 iexquoquenoa

342 4954 408 5032 priee
417 4952 522 5020 ierim
531 4951 699 5022 ἅπῠκτῑίνῑῑν,
708 4954 743 5019 ὥς
752 4951 829 5033 φονέα
838 4974 871 5029 με
881 4951 975 5012 Mitti·
989 4952 1057 5012 Ὑπὸ
1068 4954 1115 5029 μὲν
1160 4971 1279 5028 αθοοίνίῑ,
1296 4982 1343 5032 qua
1359 4981 1389 5016 ne
1402 4968 1456 5029 quis
1465 4969 1614 5030 nequeiuste
1622 4982 1701 5031 neque
1714 4968 1801 5029 iniuste
1814 4972 1937 5023 occidatur

341 5041 391 5119 γθρ
405 5044 451 5110 τῆς
465 5042 542 5098 αὐτοῦ
555 5046 600 5098 τοῦ
620 5044 756 5107 “infime
775 5039 906 5119 ἁμαρτίας
919 5038 961 5097 ὅθι
974 5039 1115 5098 ἀπολύεται
1161 5060 1257 5107 vetante
1269 5058 1327 5106 iistis
1336 5056 1376 5105 iiie
1385 5056 1457 5104 cadis
1467 5069 1507 5105 me
1518 5070 1586 5106 reum
1596 5058 1651 5118 agit.
1666 5060 1738 5106 Error
1747 5059 1812 5108 enirn
1821 5062 1937 5123 perempti

343 5126 409 5205 μηδὲ
426 5126 552 5195 t'¹³2⁰vts‘0t
562 5128 712 5186 ἇποκτῑῖθαῑ
726 5126 816 5186 αὐτόν·
825 5127 875 5185 ὑπὸ
885 5125 912 5185 δὲ
924 5132 969 5185 τοῦ
980 5126 1116 5195 &dimitat
1160 5146 1236 5194 sitirem
1254 5158 1335 5193 meum
1348 5142 1385 5192 rei
1397 5142 1563 5192 involuntaria.
1578 5144 1650 5193 cedis
1665 5143 1766 5194 crimine
1782 5146 1881 5207 eximit;
1893 5161 1937 5196 νο-

304 5243 328 5282 ro
341 5216 394 5275 οὔδ’
413 5212 614 5290 (meledium
627 5218 662 5281 ὣς
678 5213 743 5273 fxiiii
759 5215 917 5286 ἇπίκτῑῑνεν,
933 5217 1028 5296 ἀμφοῖν
1048 5218 1112 5274 ἄπο·
1158 5229 1935 5294 tuntarireautemcediaquurnneamuseturquidern‚ebutro·

340 5303 429 5361 λύεται
445 5309 498 5360 τοῖν
513 5302 695 5379 ἐγκλημάτων,
714 5301 776 5377 μήτ’
794 5303 864 5362 ἀκων
888 5302 948 5379 μήθ’
961 5300 1027 5360 ἑκὼν
1048 5304 1113 5361 ἀπο·
1158 5333 1206 5381 que
1217 5319 1317 5367 crimine
1331 5318 1475 5368 abaotvitur.
1509 5319 1558 5380 (10)
1570 5319 1647 5381 cnipa
1663 5318 1745 5381 itaque
1756 5321 1827 5369 vacat
1841 5324 1866 5371 et
1876 5334 1891 5370 e
1902 5322 1935 5371 ret

340 5398 448 5450 κτεῖναι.
479 5388 522 5469 (10)
536 5388 757 5467 Ἀπνλυόμῑνῡιδί
772 5390 860 5450 ὗπόῖῑ
874 5395 920 5461 τῆς
930 5390 1051 5462 ἀληθείας
1062 5394 1114 5447 τῶν
1159 5410 1231 5469 geete
1239 5405 1340 5456 veritate
1348 5408 1398 5455 ete
1412 5406 1469 5468 tegis
1478 5406 1673 5468 tormuia‚cujuc
1683 5405 1784 5455 obtentu
1798 5411 1933 5459 accumtur.
